2900 4275
196 293 257 356 254
585 313 636 369 nu
654 315 774 368 nunno
791 316 950 370 (11111110
1126 315 1158 368 a
1175 317 1209 370 u.
1225 315 1257 369 e.
1273 321 1332 369 car.
1443 356 1446 385 ,

183 478 363 576 fflssffl
433 481 491 547 16.
534 480 676 546 Interim
691 482 816 547 cotidie
831 481 953 547 ansar
966 482 1103 548 Aeduus
1114 482 1330 557 frumentum,

176 577 351 678 'mm
386 598 478 680 quod
506 602 619 663 essent
647 599 783 679 publice
818 598 973 680 polliciti,
1010 599 1170 682 flegitere.
1242 599 1331 662 Nam

186 717 324 794 propter
337 712 472 796 fugare,
488 714 578 797 quod
594 713 705 780 Gallia
719 716 784 780 sub
798 716 1093 796 septentrienibus,
1111 719 1148 778 ut
1169 719 1247 779 ante
1262 715 1331 780 dic·

187 832 260 892 tum
275 833 335 905 est,
351 831 461 912 posita
476 836 536 908 est,
552 838 621 895 nen
636 831 736 896 modo
751 831 920 895 frumenta
942 832 978 895 in
1000 809 1089 914 agris
1111 835 1240 896 metura
1262 839 1332 896 nen
1443 870 1444 896 l

135 931 154 982 ⁵
185 949 290 1022 erant,
305 947 365 1011 sed
386 956 429 1012 ne
451 947 568 1028 pebuli
589 947 725 1030 quidem
748 949 830 1013 satis
852 956 973 1030 mugna
994 949 1091 1029 cupia
1113 949 1328 1030 suppetebat:

186 1069 227 1126 eu
240 1067 352 1127 autem
367 1061 545 1140 frumeute,
562 1064 652 1148 quod
667 1064 806 1128 flumine
827 1065 932 1128 Arare
954 1065 1097 1130 nuribus
1118 1066 1327 1141 subvexerat,
1443 1108 1445 1117 ι

185 1183 361 1260 propteree
372 1180 484 1245 minus
496 1185 546 1245 uti
557 1184 696 1261 poterat,
710 1181 801 1263 quod
812 1181 876 1245 iter
887 1181 930 1245 ab
941 1181 1045 1246 Arare
1058 1179 1209 1246 Helvetii
1220 1189 1314 1246 ever·
1443 1204 1445 1221 ¹

185 1297 305 1371 terant,
321 1304 340 1359 e
355 1297 479 1379 quibus
493 1297 663 1362 discedere
678 1297 823 1362 uelebat.
868 1296 967 1361 Diem
983 1318 1023 1361 ex
1038 1297 1093 1362 die
1107 1297 1227 1362 ducere
1239 1297 1327 1362 Aed-
1443 1286 1445 1339 ἶ

186 1418 236 1475 uI:
257 1411 412 1489 cenferri,
433 1418 643 1494 comporteri,
666 1413 781 1478 adesse
802 1413 922 1477 dicere.
967 1412 1035 1477 Ubi
1057 1423 1093 1478 se
1107 1413 1236 1478 diutius
1250 1413 1329 1478 duci
1443 1470 1446 1499 ,

136 1513 170 1563 ¹⁰
185 1526 352 1593 intellexit
367 1534 401 1594 et
414 1529 504 1594 diem
519 1534 653 1606 instem,
675 1538 745 1613 que
766 1530 821 1594 die
842 1529 1049 1593 frumentum
1071 1529 1238 1594 militibus
1259 1538 1327 1594 me-

186 1647 245 1707 tiri
265 1649 442 1725 oporteret,
464 1650 656 1711 convocetis
676 1654 792 1710 eurum
821 1646 1042 1726 principibus,
1072 1653 1215 1728 querum
1237 1653 1327 1727 meg-

185 1781 263 1824 nam
278 1762 409 1843 cupiam
425 1763 461 1826 in
475 1768 593 1828 eastris
607 1763 762 1839 habebat,
779 1763 815 1826 in
830 1763 885 1826 his
901 1761 1075 1826 Diviciace
1091 1765 1124 1825 et
1141 1761 1249 1836 Luce,
1266 1769 1329 1844 qui

185 1886 317 1942 summe
344 1880 556 1962 magistretui
583 1884 744 1961 praeerat,
774 1900 874 1961 quem
896 1878 1131 1960 vergobretum
1153 1877 1327 1958 appellant
1442 1880 1445 1954 ξ

184 1993 307 2070 Aedui,
329 2003 390 2078 qui
411 2000 542 2060 creetur
563 2017 696 2060 annuus
717 1999 752 2059 et
772 1999 862 2060 vitae
884 1995 1045 2077 necisque
1067 1995 1103 2058 in
1125 2001 1203 2059 sues
1225 1993 1329 2057 habet
1443 1980 1446 2017 ¹

184 2113 394 2192 potestetem,
409 2110 556 2194 graviter
570 2120 626 2177 ees
640 2114 784 2188 accusat,
801 2111 901 2195 quod,
917 2133 994 2176 cum
1010 2131 1119 2194 neque
1135 2117 1201 2175 emi
1217 2131 1328 2193 neque

184 2246 226 2291 ex
240 2236 330 2309 agris
343 2237 431 2294 sumi
446 2233 567 2310 posset,
584 2234 652 2293 tam
667 2230 855 2293 necessurie
870 2234 1028 2308 tempore,
1047 2233 1115 2291 tam
1128 2234 1331 2310 propinquis

185 2341 339 2408 hostibus
359 2346 404 2409 ab
424 2346 468 2410 iis
489 2353 557 2410 nen
578 2345 785 2423 sublevetur3
820 2345 1015 2426 praesertim
1038 2367 1114 2408 cum
1137 2351 1257 2426 megae
1286 2364 1329 2408 ex
1444 2363 1446 2374 ·

184 2463 281 2540 parte
294 2468 409 2525 eurum
424 2462 580 2542 precibus
595 2460 761 2526 adductus
776 2461 900 2525 bellum
922 2462 1116 2543 susceperit,
1139 2460 1245 2527 multe
1266 2460 1329 2525 eti-

185 2594 241 2640 am
254 2577 399 2655 gravius,
414 2577 506 2660 quod
520 2579 564 2643 sit
579 2578 771 2653 destitutus,
788 2578 950 2659 queritur.

190 2724 345 2771 mam.
431 2693 489 2759 17.
532 2692 619 2758 Tum
634 2694 769 2758 demum
786 2694 906 2758 Liscus
927 2693 1077 2757 eretiene
1099 2691 1251 2757 Caesaris
1273 2690 1330 2757 ad·

185 2778 358 2872 limat
383 2810 514 2886 ductus,
531 2810 622 2892 quod
636 2814 735 2874 antee
750 2814 908 2886 tacuerat,
932 2810 1103 2890 proponit:
1142 2808 1225 2873 Esse
1247 2815 1332 2872 nun-

181 2876 368 2974 imm
384 2925 503 3002 nullus,
519 2934 662 3009 querum
677 2927 859 2991 aucterites
880 2926 971 3007 apud
993 2926 1124 3007 plebem
1147 2924 1332 3006 plurimum
1444 2913 1447 3002 ἱ

185 3042 304 3118 valeat,
333 3050 395 3126 qui
422 3042 580 3123 privetim
609 3042 685 3123 plus
713 3043 845 3123 possint
874 3064 975 3126 quam
1005 3044 1071 3122 ipsi
1103 3042 1330 3123 magistratus.

136 3167 155 3217 δ
186 3157 261 3225 Hes
274 3159 434 3224 seditiuse
449 3163 550 3241 atque
565 3159 717 3239 improbi
733 3158 881 3223 erutiune
897 3158 1148 3223 multitudinem
1162 3158 1331 3221 deterrere

186 3284 231 3341 ne
257 3275 463 3340 frumentum
485 3273 668 3350 censerant,
691 3275 783 3357 quod
803 3275 961 3339 debeant:
998 3278 1174 3355 praestum,
1203 3280 1233 3337 si
1261 3272 1331 3337 iam

186 3392 414 3472 principetum
442 3389 574 3456 Galliae
596 3391 748 3455 obtinere
777 3398 845 3454 nen
867 3391 1005 3471 possint,
1031 3388 1205 3455 Gallerum
1227 3407 1331 3471 quam

187 3507 414 3573 Remunerum
428 3507 569 3588 imperia
590 3506 751 3587 perferre3
772 3528 882 3590 neque
903 3507 1059 3570 dubiture
1080 3513 1173 3589 quin,
1196 3511 1225 3569 si
1247 3501 1331 3569 Hel-

186 3624 294 3689 vetius
307 3624 538 3705 supereverint
552 3623 706 3698 Remeni,
730 3631 796 3687 une
817 3644 894 3686 cnm
916 3622 1044 3705 relique
1066 3619 1178 3686 Gallie
1199 3618 1331 3685 Aeduis

138 3746 171 3795 10
186 3739 376 3804 libertetem
390 3740 459 3804 sint
474 3744 629 3819 erepturi.
672 3738 728 3801 Ab
743 3738 868 3802 eisdem
884 3742 996 3803 nostra
1012 3737 1160 3814 censilia,
1174 3756 1329 3820 quaeque

188 3855 226 3919 in
239 3860 357 3920 castris
370 3858 537 3936 gerantur,
552 3854 707 3918 hostibus
722 3855 903 3917 enuntiuri:
926 3854 987 3919 hes
1003 3862 1021 3918 e
1036 3862 1072 3918 se
1093 3861 1238 3918 coerceri
1259 3859 1332 3917 nun

189 3989 296 4055 posse.
339 3968 564 4049 Quinetiam,
586 3968 678 4052 quod
699 3968 919 4033 necesseriam
941 3989 1011 4034 ram
1033 3972 1169 4036 auectus
1190 3966 1331 4034 (laesuri
