2900 4275
181 294 258 358 248.
574 312 625 361 nr.
642 310 761 364 111116
779 312 935 365 6111166
1118 313 1148 364 A
1165 314 1198 366 o.
1216 315 1245 364 6.
1262 317 1319 364 esa.

179 471 281 537 domo
293 474 410 539 efferre
423 475 551 542 iubent.
595 476 804 543 Persuadent
818 477 974 544 Rauricis
989 482 1023 542 61
1037 477 1193 561 Tulingis
1207 482 1241 542 61
1255 477 1318 542 La-

131 606 164 654 16
179 592 300 655 1611616
313 590 481 669 finitimis,
496 596 549 656 uti
562 594 679 658 eodem
695 601 748 658 osi
762 593 903 658 consilio
918 594 1052 675 oppidis
1066 601 1138 680 suis
1165 601 1317 676 vicisque

178 710 314 782 exostis,
330 716 395 772 ono
410 730 487 772 cum
501 709 545 774 iis
558 710 823 798 proficiscantur,
841 709 1019 793 Boiosque,
1036 717 1096 794 qui
1111 713 1203 774 trons
1230 709 1319 773 Rho·
1409 749 1412 753 -

178 843 259 886 num
274 823 483 889 incoluerunt
498 830 531 889 et
546 826 583 890 in
597 849 713 909 agrum
725 825 892 897 ,Noricum
916 827 1117 891 tronsierant
1146 825 1319 890 Noreiam-

177 960 244 1022 que
258 947 500 1023 oppignorant,
515 947 667 1024 receptos
683 942 726 1006 ad
741 952 777 1006 so
791 943 898 1019 socios
913 942 977 1008 sibi
994 943 1194 1008 adsciscunt.

177 1065 342 1155 ,ww
416 1059 451 1123 6.
496 1057 603 1122 Erant
617 1066 754 1124 omniuo
768 1059 890 1123 itinera
909 1059 985 1136 duo,
1001 1060 1126 1143 quibus
1140 1058 1321 1124 itineribus

107 1172 110 1177 ’
176 1166 359 1263 mma,
374 1174 475 1238 domo
502 1183 592 1239 exire
619 1180 769 1256 possent:
805 1183 909 1240 onum
924 1197 983 1257 per
999 1174 1182 1259 Sequanos,
1195 1197 1320 1258 angus-

176 1265 309 1355 &⁰de
375 1294 447 1355 tum
462 1295 496 1356 et
516 1291 662 1368 difficile,
690 1293 779 1356 inter
805 1285 961 1357 ¹'montem
990 1291 1103 1356 Ioram
1132 1296 1166 1356 61
1194 1290 1320 1356 flomen

176 1401 388 1482 Rhodanum,
403 1408 459 1471 vix
473 1417 541 1491 quo
561 1408 691 1492 singuli
718 1416 806 1473 carri
832 1409 1046 1487 docerentur3
1082 1415 1178 1472 mons
1206 1412 1320 1472 autem

127 1535 144 1582 5
176 1520 359 1586 altissimus
373 1523 598 1605 impendobat,
614 1529 653 1590 ut
666 1524 767 1589 facile
782 1532 944 1607 perpauci
957 1525 1136 1606 prohibere
1165 1528 1319 1605 possent3

174 1635 316 1702 alierum
330 1660 390 1720 per
404 1640 611 1720 provinciam
625 1633 782 1716 nostram,
798 1641 905 1705 multo
919 1641 1053 1710 facilius
1068 1645 1169 1724 atque
1185 1640 1320 1721 expedi-

176 1753 253 1829 tius,
268 1759 443 1837 propterea
457 1757 549 1840 quod
563 1754 652 1822 intel
665 1757 755 1822 finos
770 1755 1003 1822 Helvetiorum
1026 1761 1060 1822 61
1084 1757 1319 1839 Allobrogum,

114 1945 126 1961 ο
176 1877 237 1953 qui
250 1879 357 1953 noper
370 1877 483 1954 picoti
497 1878 601 1949 eraut,
616 1872 804 1938 Rhodanus
818 1873 903 1950 fluit,
919 1874 1016 1957 isque
1031 1873 1203 1938 nonnullis
1233 1872 1320 1938 locis

176 1987 261 2051 vado
274 1992 444 2054 transitur.
489 1987 686 2081 Eutrourum
701 1990 865 2071 oppidum
889 1989 1110 2073 Allobrogum
1139 1993 1190 2054 est
1222 2010 1321 2070 prox-

128 2116 160 2164 10
175 2103 348 2188 imumque
363 2102 597 2171 Helvetiorum
612 2105 743 2171 finibus
758 2105 904 2172 Genova.
950 2104 1002 2171 Ex
1017 2114 1056 2171 eo
1079 2106 1205 2189 oppido
1230 2113 1322 2187 pons

176 2220 219 2285 611
233 2220 409 2288 Helvetios
424 2226 580 2305 pertinet.
638 2224 879 2307 Allobrogibus
906 2234 979 2290 soso
1008 2223 1061 2289 vel
1090 2230 1318 2305 persuasoros,

176 2337 268 2420 quod
282 2339 430 2403 nondum
446 2341 535 2405 bono
548 2341 662 2405 animo
682 2341 720 2404 in
748 2341 911 2422 populum
942 2339 1132 2405 Romonum
1161 2338 1315 2405 videren-

134 2457 136 2459 ’
177 2457 241 2530 tur,
250 2456 497 2532 existimobant,
506 2456 559 2523 vel
568 2465 603 2522 vi
613 2462 786 2522 6666111116
798 2461 836 2521 ut
847 2479 907 2539 per
917 2466 996 2522 suos
1005 2456 1093 2521 finos
1103 2465 1159 2521 eos
1169 2464 1218 2520 ire
1227 2459 1321 2537 11616-

177 2573 301 2635 rentur.
344 2570 513 2637 Omnibus
532 2574 691 2639 rebusad
714 2572 957 2655 profectionem
987 2577 1198 2655 comparilis,
1228 2571 1321 2635 diem

129 2694 161 2743 15
177 2686 304 2764 dicunt,
320 2697 387 2771 quo
401 2688 458 2752 die
471 2690 515 2755 ad
528 2698 636 2772 ripam
652 2689 812 2754 Rhodani
827 2700 942 2753 omnes
957 2690 1171 2753 conveniant:
1195 2689 1224 2753 is
1246 2687 1321 2753 dies

177 2807 291 2868 61616.
306 2804 337 2868 d.
353 2828 382 2868 v.
399 2804 475 2870 Kal.
491 2807 582 2888 Apr.,
599 2805 638 2870 L.
654 2806 787 2880 Frsone,
804 2807 844 2870 A.
861 2804 1009 2870 GabInio
1024 2804 1228 2869 consulibus.

131 2928 137 2937 ⁴
178 2947 344 3044 mama
420 2921 454 2988 7.
497 2917 634 2987 anseri
656 2945 733 2987 cum
762 2922 799 2987 id
826 2922 1019 2986 nontiotum
1048 2926 1144 2997 esset,
1174 2928 1231 2986 eos
1258 2942 1321 3003 per

177 3050 242 3086 wm-
376 3038 582 3119 provinciam
598 3041 745 3102 nostram
761 3038 826 3101 1161
840 3036 952 3101 166616
966 3044 1090 3112 conori,
1106 3040 1250 3100 motorat
1275 3037 1320 3101 ub

178 3153 260 3217 urbe
274 3153 442 3236 proficisci
456 3160 498 3229 61,
514 3176 615 3237 quarn
631 3154 786 3218 maximis
798 3158 909 3235 1161661
920 3153 1109 3229 itineribus,
1123 3154 1159 3216 in
1173 3151 1319 3218 Galliam

178 3269 367 3335 ulteriorem
381 3270 555 3334 contendit
569 3274 604 3334 et
628 3269 671 3334 ad
699 3268 872 3335 Genovam
901 3268 1062 3350 pervenit.
1121 3269 1319 3333 Provinciae

128 3409 144 3454 5
178 3390 241 3450 toti
255 3408 356 3469 quam
371 3386 553 3449 monimum
568 3389 679 3467 1161661
693 3385 840 3450 militum
856 3406 1033 3449 numerum
1055 3386 1198 3465 imperat
1231 3386 1319 3467 (6161

177 3509 314 3566 omnino
328 3503 365 3566 in
379 3501 491 3566 Gallio
505 3501 662 3565 olteriore
676 3501 765 3585 legio
781 3500 876 3581 ona),
906 3506 1053 3582 pontem,
1084 3508 1144 3584 qui
1176 3505 1246 3564 6161
1276 3498 1319 3564 ad

177 3617 358 3695 Genavam,
383 3618 479 3681 iubet
505 3618 661 3681 rescindi.
719 3616 788 3682 Ubi
817 3617 860 3681 do
889 3618 962 3682 oius
990 3616 1136 3681 advento
1167 3615 1319 3681 Helvetii

176 3720 334 3799 certiores
357 3734 442 3797 facti
465 3737 553 3808 suni,
583 3732 711 3814 logotos
740 3735 782 3797 611
811 3755 887 3797 eurn
918 3734 1059 3796 mittunt
1090 3731 1319 3797 nobilissimos

177 3849 332 3921 civitotis,
348 3846 636 3928 coius'logotionis
650 3848 848 3912 Nammeius
868 3853 902 3912 et
932 3846 1164 3911 Verucloetius
1194 3847 1317 3929 princi·

148 3984 162 4012 1
177 3982 255 4043 pem
269 3961 379 4025 locum
394 3963 601 4038 obtinebant,
617 3971 678 4045 qui
692 3963 852 4039 dicerent,
868 3964 934 4027 sibi
949 3984 1021 4027 esse
1037 3964 1073 4027 in
1102 3964 1215 4028 unimo
1243 3962 1319 4031 sine
