2900 4275
126 319 158 370 a.
174 323 205 372 o.
222 324 263 372 aa
530 323 601 373 me.
618 325 640 375 a
658 323 735 374 oar.
753 323 808 374 xv.
1208 312 1268 375 253

25 501 29 507 “
124 485 156 550 is
169 486 392 554 eontumeliae
406 487 563 554 oblivis‘ei
583 486 692 564 vellet,
714 510 797 552 num
818 487 920 554 eiiam
942 486 1127 552 reoeniium
1148 486 1269 572 iniriri3

124 608 229 680 airum,
244 604 336 687 quod
350 612 391 668 eo
412 605 519 669 invito
541 605 605 669 iter
626 625 687 686 per
707 604 914 685 provinciam
936 624 996 686 per
1017 602 1086 668 vim
1108 601 1281 684 temptas-¹

122 723 208 796 sent,
223 720 315 803 quod
329 720 476 797 Aeduos,
498 721 591 803 quod
610 721 802 797 Ambarros,
824 720 916 803 qued
938 718 1138 803 Allobrogas
1152 720 1314 786 vexes-1⁰

122 839 207 911 sent,
222 837 416 902 memoriam
430 836 598 918 deponere
612 837 731 917 posse?
773 835 873 916 Quod
887 843 948 900 sui
963 836 1102 900 victorii
1132 841 1198 900 tam
1213 843 1263 900 in-

121 948 268 1018 solenter
280 950 503 1036 gloriarentur
517 951 675 1036 quodque
691 951 833 1016 tamdiu
848 959 884 1016 se
898 951 1036 1032 impius
1058 952 1197 1016 iniuriis
1212 956 1262 1016 lu-

121 1063 201 1131 lisse
215 1067 467 1145 admirarentur,
483 1068 600 1133 eodem
615 1067 792 1150 periinere.
850 1065 1037 1132 consuesse
1065 1068 1155 1132 enim
1182 1069 1263 1136 deos

121 1181 327 1251 immortilee
338 1191 409 1268 quo
420 1184 558 1269 gravius
572 1172 726 1250 homines
739 1204 780 1247 ex
794 1183 1054 1248 commilitibus
1068 1192 1178 1248 rerum
1192 1183 1262 1248 dol-

5 1354 6 1357 ,
121 1302 209 1375 eant,
223 1306 310 1384 quos
322 1309 385 1383 pro
394 1298 518 1366 scelere
528 1307 644 1364 eorum
656 1298 775 1364 ulcisci
786 1298 900 1376 velint,
916 1299 970 1364 his
985 1300 1198 1366 secundiores
1212 1301 1261 1364 in·
1281 1303 1312 1349 1⁵

121 1415 254 1482 terdum
267 1425 320 1482 res
334 1421 369 1481 et
382 1416 625 1481 diritumiorem
641 1416 878 1498 impunitatem
892 1415 1081 1482 concedere.
1103 1469 1105 1473 .
1125 1415 1210 1480 Oum
1222 1437 1261 1481 ea

120 1529 170 1594 iia
182 1529 261 1608 sirit,
276 1535 397 1609 tamen,
412 1540 443 1597 si
456 1532 591 1598 obsides
605 1532 648 1597 ab
662 1533 706 1597 iis
717 1533 785 1598 sibi
800 1531 931 1609 deutur,
946 1536 999 1598 uti
1012 1553 1060 1608 ea,
1090 1553 1176 1614 quae
1191 1533 1261 1614 pol-
1278 1615 1280 1621 Ι

120 1644 294 1725 liceantur,
308 1647 456 1714 facturos
469 1648 653 1731 intellegat,
668 1654 703 1713 et
716 1657 747 1714 si
760 1687 764 1694 ·
776 1649 904 1714 Aeduis
931 1648 974 1714 de
1003 1649 1145 1724 iniririis,
1177 1657 1262 1731 quas

120 1762 205 1844 ipsis
218 1763 386 1848 sociisque
400 1773 516 1832 eorum
530 1765 716 1841 intulerint„
733 1767 813 1829 item
839 1774 870 1830 si
897 1765 1137 1848 Allobrogibus
1165 1765 1260 1830 satis·

119 1878 256 1957 faciant,
271 1889 345 1946 sese
357 1902 435 1946 cum
449 1882 494 1946 iis
507 1890 623 1963 paoem
634 1903 707 1946 esse
717 1881 894 1946 facturum.
939 1880 1061 1946 Divico
1075 1879 1260 1961 respondit;
1278 1884 1311 1930 2⁰

120 1994 176 2059 Ita
190 1994 366 2062 Helvetios
380 2005 399 2062 ri
413 1998 597 2063 maioribus
609 2005 682 2062 suis
694 1999 869 2062 institutos
882 2017 964 2072 esse,
980 2000 1033 2061 uti
1060 1996 1195 2061 obsides
1208 2017 1260 2059 ao·

119 2112 240 2195 cipere,
263 2121 332 2179 non
353 2113 433 2205 dare
454 2115 659 2179 oonsuerint:
697 2115 771 2179 eius
800 2121 848 2179 rei
877 2112 1040 2196 populum
1069 2108 1259 2178 Romanum

119 2250 192 2296 esse
207 2235 334 2297 testem.
379 2229 456 2295 Hoc
471 2238 630 2312 responso
643 2230 723 2295 dare
736 2230 899 2295 discessit.

165 2347 223 2413 15.
267 2348 407 2412 Postero
434 2346 491 2411 die
519 2352 627 2411 casira
655 2367 696 2411 ex
731 2355 772 2411 eo
807 2347 880 2411 loeo
915 2352 1059 2412 movent.
1084 2382 1260 2427 mmm.

119 2461 216 2528 Idem
237 2462 320 2529 facit
342 2465 465 2529 Caesar
486 2463 742 2546 equitatumque
764 2484 897 2528 omnem
927 2464 971 2529 ad
998 2434 1260 2528 riu-ellidii&

118 2600 246 2645 merum
261 2583 421 2663 quattuor
442 2580 583 2656 milium,
599 2600 699 2662 quem
714 2602 755 2644 ex
776 2587 870 2644 omni
891 2580 1063 2677 provincii
1085 2533 1236 2623 iim&

118 2699 154 2759 et
174 2696 303 2779 Aeduis
323 2701 426 2779 alque
447 2705 562 2762 eorum
583 2697 684 2761 sooiis
706 2700 859 2760 eoactum
882 2696 1036 2772 habebat,
1061 2699 1257 2778 praemittit,

118 2818 180 2894 qui
193 2811 338 2890 rideant,
353 2821 439 2896 quis
453 2813 489 2878 in
503 2817 616 2894 partes
630 2813 744 2878 hostes
759 2812 823 2876 iter
837 2812 972 2877 faciant.
1017 2811 1086 2893 Qui
1100 2814 1258 2895 cupidius
1292 2832 1308 2877 e

118 2928 337 2993 novissimum
352 2937 472 3013 igmen
487 2934 632 2995 inseoriti
646 2929 758 2994 alieno
773 2928 847 2993 loco
860 2950 937 2993 oum
960 2930 1113 3012 equitatu
1135 2930 1258 2995 Helue·
1301 2944 1304 2951 '

118 3044 241 3109 tiorum
270 3045 433 3126 proelium
455 3048 684 3125 committunt;
706 3050 741 3109 et
771 3048 872 3127 pauci
899 3046 942 3109 de
971 3051 1094 3111 nostris
1123 3047 1257 3112 eadunt.

117 3159 194 3240 Quo
208 3162 335 3242 proelio
348 3164 474 3229 sublati
489 3162 649 3238 Helvetii,
665 3162 757 3246 quod
773 3167 970 3245 quingentis
991 3163 1164 3245 equitibus
1186 3168 1258 3229 tan-

117 3281 186 3365 iam
200 3278 450 3344 multitudinem
465 3280 618 3363 equiturn
641 3278 868 3361 propulerant,
893 3278 1054 3343 audioius
1075 3280 1258 3345 subsistere

116 3400 359 3477 nonnunquam
380 3400 415 3460 ei
435 3396 618 3461 novissimo
639 3396 774 3479 agmine
795 3395 923 3477 proelio
945 3399 1076 3460 nostros
1098 3396 1258 3461 lacessere
1276 3414 1310 3459 10

116 3515 306 3591 coeperunt.
350 3512 472 3578 Caesar
484 3520 564 3578 euos
586 3519 605 3577 ai
627 3512 754 3593 proelio
776 3513 971 3578 continebat
995 3520 1032 3577 rio
1054 3513 1136 3577 selis
1157 3513 1258 3579 habe-

115 3625 175 3691 bat
189 3626 427 3706 inpraesentia
441 3627 572 3693 hostem
588 3636 725 3710 rapinis,
749 3628 1025 3710 pibulitiouibus
1043 3629 1256 3711 populilion-

115 3741 261 3824 ibasque
272 3742 459 3824 prohibere.
489 3743 545 3809 Ila
558 3745 632 3811 dies
645 3746 780 3809 oiroiter
795 3744 988 3828 quindecim
1005 3747 1069 3811 iter
1093 3746 1256 3821 fecerunt,
1375 3828 1377 3832 ,

116 3863 169 3924 uti
196 3858 284 3922 inter
304 3859 522 3925 novissimum
538 3862 685 3925 hostium
715 3870 835 3942 sigmen
864 3866 899 3924 el:
927 3866 1079 3927 nostrum
1110 3870 1257 3943 primurn

114 3982 184 4040 non
198 3973 344 4055 amplius
358 3982 474 4058 quinis
501 3980 560 4039 aut
588 3984 679 4041 senis
708 3975 846 4039 milibus
881 3996 1042 4057 passuum
1072 3976 1256 4067 interesset.
1277 3993 1307 4038 15
