2900 4275
188 303 250 368 252
586 317 637 371 ns
654 318 774 372 annno
792 316 950 372 asnmco
1133 319 1163 370 Δ.
1181 321 1214 372 o.
1231 321 1261 370 o.
1278 323 1336 370 aaa

190 483 267 567 Quo
282 487 369 551 inre
390 484 513 552 Caesar
540 493 608 551 non
636 485 745 550 solum
774 485 936 566 poblicos,
966 484 1026 549 scd
1054 484 1155 549 etiam
1184 488 1334 566 privotos

140 603 331 668 20inii1rios
354 603 447 668 ultus
474 607 534 679 est,
564 601 656 686 quod
684 602 758 666 oius
786 607 892 666 soceri
922 600 959 665 L.
991 601 1126 665 Pisonis
1155 621 1264 675 avum,
1296 598 1335 682 L.

190 719 349 784 Pisonem
384 719 542 802 logotnm,
572 717 730 802 Tigurini
757 718 875 783 eodem
904 716 1040 798 proelio,
1072 725 1140 801 quo
1169 715 1335 790 Oassium,

190 835 437 901 interfecerant.

190 986 320 1025 maseva
433 952 491 1018 13.
536 949 613 1017 Hoc
627 951 756 1032 proelio
770 949 869 1027 lacto,
885 951 1032 1034 reliquos
1061 951 1176 1032 oopios
1197 945 1333 1014 Helvo-

188 1037 354 1133 mvffl
387 1069 511 1133 tiorum
537 1073 576 1133 ut
590 1076 753 1151 consequi
768 1072 889 1148 posset,
913 1071 1050 1149 pontem
1066 1068 1102 1131 in
1117 1067 1223 1130 Arare
1247 1065 1329 1128 iaci-

184 1136 355 1232 lfflss‘gm
387 1185 511 1250 endum
526 1189 621 1249 orirat
634 1189 737 1267 atque
752 1185 800 1248 ita
815 1184 998 1248 exercitum
1013 1183 1166 1248 trodocit.
1181 1181 1332 1246 Helvotii

188 1306 365 1381 repentino
380 1303 453 1366 oius
466 1302 612 1367 advento
627 1305 796 1376 commoti,
812 1321 889 1364 cum
904 1300 948 1375 id,
966 1299 1057 1382 quod
1072 1300 1139 1380 ipsi
1153 1298 1274 1363 diobns
1287 1314 1333 1360 xx

138 1427 155 1473 ὅ
188 1419 371 1499 aegerrimo
385 1417 608 1508 confecerant,
624 1422 663 1481 ut
678 1417 803 1481 flomen
832 1420 1023 1492 trinsirent,
1054 1415 1150 1480 illum
1181 1421 1247 1480 ono
1276 1413 1334 1478 die

188 1532 309 1597 iocisse
323 1533 566 1616 intellegerent,
582 1534 710 1616 logotos
724 1535 768 1598 ad
782 1554 859 1597 eum
874 1532 1024 1608 mittunt,
1041 1532 1137 1596 cirins
1154 1529 1334 1614 logotionis

189 1648 312 1714 Divico
325 1658 482 1732 prInoeps
496 1650 572 1727 fuit,
602 1659 663 1733 qui
691 1649 780 1715 bello
809 1648 971 1714 Oassiono
999 1648 1068 1713 don
1098 1647 1333 1720 Helvetiorum

188 1765 308 1830 fuerat.
366 1767 402 1832 Is
416 1768 463 1831 ita
478 1789 555 1831 cnm
570 1765 712 1832 Caesare
726 1767 809 1850 ogit:
834 1765 872 1831 Si
887 1773 1005 1846 picem
1021 1763 1167 1845 populns
1185 1763 1333 1828 Romon-

189 1904 229 1947 ns
243 1905 320 1947 cum
336 1881 504 1948 Helvetiis
519 1883 652 1959 iaceret,
668 1885 704 1953 in
719 1904 793 1947 eam
809 1886 939 1963 partem
956 1882 1061 1945 itoros
1082 1884 1184 1963 atque
1206 1880 1255 1943 ibi
1278 1878 1332 1943 fu-

114 2003 116 2006 ’
139 2008 172 2056 10
188 2004 280 2064 toros
294 1998 480 2076 Helvotios,
496 2000 555 2063 ubi
571 2008 628 2064 eos
642 1998 765 2064 Oacsar
780 1998 1014 2098 constituisset
1030 2001 1130 2080 atquc
1146 2017 1218 2061 esse
1239 1995 1333 2060 volu·

81 2128 85 2133 '
188 2116 281 2182 isset:
297 2123 351 2181 sin
365 2115 455 2181 bello
469 2122 626 2199 persequi
640 2119 875 2228 perseverorat,
893 2115 1163 2181 reminisceretur
1178 2117 1212 2177 at
1226 2114 1333 2177 veter-

188 2233 219 2297 is
245 2232 450 2296 incommodi
477 2232 596 2313 populi
616 2232 762 2297 Romoni
784 2236 818 2296 et
839 2232 1002 2313 pristinae
1023 2231 1157 2296 virtirtis
1179 2228 1332 2295 Helvoti·

188 2473 249 2546 qni
263 2464 388 2529 flomen
403 2469 610 2540 trinsissent,
625 2472 697 2529 suis
718 2464 882 2529 auxilium
918 2463 1005 2528 lerre
1029 2472 1097 2527 non
1119 2466 1264 2544 possent,
1289 2470 1334 2525 no

139 2590 171 2637 15
188 2581 318 2644 obeam
333 2602 403 2644 rem
418 2586 571 2645 autsnae
586 2587 821 2662 mignoopere
837 2581 955 2644 virtoti
978 2579 1134 2644 tribuerit
1158 2582 1217 2643 aut
1239 2578 1334 2658 ipsos
1350 2617 1354 2623 ·

187 2696 383 2777 despiceret.
428 2696 535 2761 Soita
550 2705 568 2760 ai
584 2697 737 2777 patribus
752 2696 1002 2779 moioribusque
1016 2703 1087 2760 suis
1102 2694 1269 2769 didicisse,
1294 2697 1333 2756 ut

188 2815 295 2895 magis
317 2814 440 2878 virtiite
462 2835 563 2896 qnam
584 2812 662 2877 dolo
683 2812 924 2910 contenderent
945 2816 1004 2876 aut
1025 2811 1160 2876 insidiis
1184 2814 1332 2874 niteren-
1398 2866 1400 2873 .

188 2934 252 2994 tur.
295 2930 407 3010 Quoro
421 2940 464 2995 no
478 2930 701 2994 committeret
716 2933 755 2993 ut
769 2930 799 2993 is
821 2928 922 3004 locus,
945 2928 1005 2992 ubi
1027 2928 1266 3001 constitissent,
1291 2946 1333 2989 ex
1375 2973 1377 2977 -

187 3046 377 3111 calamitate
405 3046 523 3128 populi
544 3046 690 3110 Romoni
712 3049 747 3109 et
768 3045 997 3110 internecione
1018 3044 1183 3109 exercitos
1209 3050 1333 3107 nomen

137 3174 171 3221 20
187 3167 330 3244 caperet,
345 3167 404 3227 ant
418 3164 611 3227 memoriam
627 3162 791 3243 proderet.

188 3282 329 3327 ‘mm
433 3280 490 3345 14.
535 3279 602 3344 His
621 3278 744 3343 Caesar
765 3278 812 3342 ita
828 3277 1012 3358 respondit:
1044 3275 1095 3341 nc
1123 3275 1189 3341 sibi
1219 3274 1333 3364 minus

184 3342 250 3377 posca
260 3335 334 3377 terrm,

183 3383 360 3475 iiim*
383 3396 606 3461 dubitotionis
620 3396 701 3471 dari,
717 3394 809 3477 quod
824 3402 880 3459 eos
895 3403 955 3470 ros,
973 3402 1057 3477 quos
1077 3393 1186 3476 legati
1208 3390 1332 3456 Helvo-

187 3515 229 3576 tii
243 3516 565 3588 commemorossent,
581 3512 740 3576 memorio
756 3515 893 3585 tenoret,
911 3515 1013 3593 atque
1027 3517 1068 3574 eo
1082 3509 1218 3592 gravius
1233 3507 1331 3584 ferra,

187 3638 255 3712 quo
269 3632 381 3694 minus
395 3631 515 3694 merito
529 3627 647 3709 populi
662 3627 807 3691 Romoni
822 3627 1035 3691 accidissent:
1065 3633 1169 3709 quisi
1184 3623 1328 3689 alioirius

139 3756 155 3801 5
188 3746 330 3809 inioriae
344 3746 409 3809 sibi
425 3745 579 3809 conscius
592 3742 722 3818 fuisset,
752 3750 820 3806 non
835 3742 939 3807 luisse
953 3742 1088 3806 difficile
1117 3750 1245 3819 cavore3
1273 3738 1334 3804 sod

189 3869 229 3924 eo
242 3862 430 3941 deceptum,
446 3859 537 3942 quod
551 3879 662 3941 neque
676 3865 891 3922 commissum
906 3866 925 3921 ai
940 3868 976 3923 so
991 3858 1211 3939 intellegeret,
1228 3864 1334 3939 quoro

190 3978 331 4050 timeret,
348 3995 457 4057 neque
472 3975 545 4038 sine
559 3981 659 4037 causi
674 3974 860 4038 timendum
875 3979 1018 4054 putoret.
1064 3972 1163 4054 Quod
1176 3979 1208 4037 si
1228 3976 1334 4037 veter·
