2900 4275
153 299 183 350 R
199 300 229 350 0.
246 301 287 350 58.
587 297 657 346 ua.
675 297 696 346 1.
715 295 792 346 oAP.
810 295 843 346 V.
1246 288 1306 350 247

151 469 255 545 peret,
305 462 396 547 quod
445 466 541 544 pater
589 465 668 525 ante
703 461 881 539 habuerat;
925 460 1074 545 itemque
1118 459 1298 526 Dumnori-

151 579 320 662 giAeduo,
327 579 424 642 fratri
432 577 607 652 Diviciaci,
616 583 677 660 qui
684 584 724 641 eo
731 579 1117 659 temporeprrnoipatum
1133 578 1169 641 in
1181 577 1297 641 civita·
1317 595 1348 642 15

151 699 184 759 te
194 695 370 760 obtinebat
384 702 423 758 aa
437 694 582 757 maxime
596 691 689 772 plebi
703 695 948 772 acceptuaerat
961 697 999 757 ut
1010 692 1099 757 idem
1110 696 1295 766 conaretur,

149 811 329 891 persuadet
341 817 441 892 eique
455 807 566 872 filiam
580 829 676 873 suam
691 809 728 872 in
745 808 998 873 matrimonium
1021 808 1087 873 dat.
1132 807 1297 872 Perfacile

97 922 99 925 ’
149 926 329 991 faetfieasc
342 925 412 990 illia
425 925 545 1004 probat
559 929 678 988 conata
699 924 867 1005 perficere,
892 923 1072 1007 ¹propterea
1101 925 1192 1008 quod
1225 925 1297 1005 ipse

147 1063 229 1107 auae
241 1043 391 1107 civitatis
411 1041 592 1121 imperium
606 1041 806 1106 obtenturus
821 1045 920 1105 esset:
942 1048 1011 1105 non
1038 1061 1111 1106 asae
1139 1040 1293 1114 dubium,

147 1167 233 1243 quin
247 1163 353 1223 totius
366 1155 498 1222 Galliae
512 1156 695 1239 plurimum
710 1154 863 1222 Helvetii
876 1161 1027 1238 possent3
1041 1166 1078 1222 ee
1091 1165 1163 1222 auls
1185 1158 1292 1238 copiis
1309 1177 1343 1222 20

147 1282 276 1358 suoque
303 1274 451 1339 exercitu
466 1272 535 1338 illis
562 1282 665 1355 regna
694 1272 951 1338 conciliaturum
980 1272 1169 1338 confirmat.
1222 1270 1298 1337 Hac

146 1392 297 1456 oratione
317 1391 456 1456 adducti
483 1390 572 1455 inter
599 1398 636 1455 ae
664 1388 771 1456 fidem
799 1395 833 1455 et
861 1390 914 1456 ius
942 1389 1121 1455 iurandum
1135 1390 1218 1455 dant
1253 1393 1297 1471 et,

147 1626 253 1688 totius
265 1621 397 1688 Galliae
411 1632 484 1688 sese
498 1627 602 1704 potiri
615 1644 714 1704 posse
730 1627 875 1704 sperant.

187 1739 224 1805 4„
268 1738 318 1805 Ea
332 1749 386 1805 res
399 1742 451 1804 est
465 1735 635 1804 Helvetiis
649 1760 709 1821 per
724 1738 890 1804 indicium
905 1740 1088 1805 enuntiata.
1116 1777 1234 1821 omma,
1244 1777 1264 1814 ι,

146 1855 302 1922 Moribus
315 1865 387 1922 suis
397 1854 631 1938 Orgetorigem
645 1877 686 1920 ex
700 1854 822 1921 vinclis
832 1877 968 1920 causam
981 1856 1093 1921 dicere
1117 1825 1283 1921 iii-iiiiii*

146 1978 342 2056 coegerunt3
354 1973 551 2037 damnatum
566 1993 708 2052 poenam
729 1979 828 2056 sequi
855 1973 1039 2054 oportebat,
1056 1977 1094 2036 ut
1119 1925 1291 2014 migi-
1334 1961 1340 1973 ⁸

147 2097 222 2173 Igni
234 2094 445 2155 cremaretur.
489 2087 557 2154 Die
570 2089 754 2154 constituta
779 2110 899 2155 causae
917 2088 1086 2155 'dictionis
1116 2086 1294 2172 Orgetorix

146 2206 190 2270 ad
201 2206 364 2271 iudicium
375 2228 508 2271 omnem
520 2228 616 2269 auam
628 2204 802 2282 familiam,
828 2206 872 2270 ad
882 2206 1058 2270 hominum
1066 2205 1161 2270 milia
1169 2207 1293 2280 decem,
1329 2226 1344 2270 5

147 2322 299 2406 undique
313 2323 425 2405 coegit
439 2325 474 2387 et
488 2331 605 2386 omnes
620 2321 762 2387 clientes
776 2323 1018 2405 obaeratosque
1032 2329 1120 2397 auos,
1151 2330 1292 2405 quorum

147 2447 308 2521 magnum
336 2460 515 2503 numerum
544 2438 699 2513 habebat,
730 2438 847 2503 eodem
876 2437 1051 2516 condixit;
1080 2459 1140 2519 per
1168 2446 1234 2512 eoa,
1250 2448 1293 2503 ne

147 2577 283 2619 causam
296 2555 432 2630 diceret,
447 2564 484 2619 se
498 2554 633 2635 eripuit.
677 2552 765 2619 Oum
780 2556 900 2620 civitae
914 2555 958 2619 ob
973 2576 1047 2619 eam
1062 2575 1132 2619 rem
1156 2555 1293 2620 incitata

147 2672 317 2737 armisius
331 2693 432 2735 suurn
454 2678 593 2753 exsequi
625 2675 811 2748 conaretur,
841 2671 1162 2755 multitudinemque
1190 2671 1294 2735 homi-

147 2811 231 2852 num
252 2810 293 2853 ex
314 2795 405 2871 agris
428 2788 646 2870 magistratus
668 2792 834 2869 cogerent,
858 2786 1036 2870 Orgetorix
1058 2793 1210 2853 mortuus
1231 2792 1295 2865 eat;
1313 2807 1347 2855 10

147 2926 258 2988 neque
285 2905 381 2969 abest
410 2905 568 2986 auspicio,
586 2909 624 2967 ut
642 2902 794 2968 Helvetii
810 2904 1024 2978 arbitrantur,
1041 2912 1126 2988 quin
1142 2905 1213 2986 ipse
1229 2905 1295 2969 sibi

147 3026 288 3086 mortem
303 3022 511 3088 consciverit.

190 3138 225 3211 5·
268 3137 351 3203 Post
364 3139 438 3203 eiua
452 3142 594 3203 mortem
608 3139 717 3203 nihilo
742 3139 855 3203 minua
878 3137 1030 3203 Helvetii
1051 3138 1096 3226 id,
1113 3140 1298 3237 iamim

147 3254 239 3339 quod
252 3255 506 3332 constituerant,
522 3255 632 3321 facere
648 3261 824 3333 conantur,
849 3260 888 3321 ut
917 3265 936 3321 e
964 3240 1095 3320 finibua
1135 3242 1297 3337 Ἠαᾞὲῗῆῗ

147 3378 220 3434 suis
233 3376 361 3435 exeant.
406 3370 476 3437 Ubi
492 3372 560 3437 iam
581 3382 618 3438 se
638 3373 682 3437 ad
704 3394 777 3438 eam
800 3394 869 3437 rem
892 3377 1026 3455 peratore
1048 3392 1120 3437 esee
1142 3372 1297 3437 arbitrati

147 3490 237 3561 aunt,
252 3486 377 3568 oppida
391 3510 452 3553 aua
466 3490 588 3566 omnia,
605 3496 745 3554 numero
759 3488 802 3554 ad
816 3488 1003 3565 duodecim,
1027 3496 1120 3554 vicos
1134 3488 1177 3553 ad
1190 3488 1295 3571 quad-

148 3603 331 3684 ringentoa,
360 3603 489 3688 reliqua
518 3610 647 3687 privata
677 3604 830 3669 aedificia
856 3605 1051 3682 incendunt,
1088 3604 1294 3670 frumentum
1328 3628 1345 3673 5

149 3739 256 3793 omne,
272 3723 505 3804 praeterquam
520 3720 612 3805 quod
633 3729 748 3786 secum
770 3725 935 3803 portaturi
956 3726 1060 3798 erant,
1083 3722 1293 3795 comburunt,

150 3837 198 3909 ut,
211 3833 349 3899 domum
364 3836 540 3901 reditionis
548 3845 609 3919 spe
617 3836 760 3912 sublata,
775 3836 958 3918 paratiores
970 3836 1013 3899 ad
1024 3837 1135 3900 omnia
1145 3836 1293 3917 pericula

149 3950 326 4017 subeunda
340 3954 459 4029 essent,
475 3952 579 4017 trium
595 3961 748 4017 mensum
771 3952 886 4017 molita
902 3950 1027 4016 cibaria
1043 3951 1108 4014 sibi
1125 3968 1293 4032 quemque
