2900 4275
386 307 536 357 Peneon
571 280 887 359 anrrolorerrr'nrr
922 307 1053 359 norrun
1226 291 1287 354 193

172 476 197 523 4.
215 472 283 535 ‘qui
294 471 331 535 sl,
342 476 400 522 aad
410 475 469 535 isit
481 470 540 538 (the
553 474 662 521 Roman
674 470 798 537 people).
833 474 891 521 The
903 474 1020 524 relative
1033 472 1104 541 (qui)
1124 477 1202 527 when
1220 479 1287 526 need

139 563 169 608 to
180 561 300 607 connect
311 558 501 621 independent
520 559 685 605 statemente
703 557 728 605 ie
748 559 811 605 best
831 558 985 607 translated
1005 562 1043 621 by
1063 575 1079 608 a
1099 560 1287 623 conjunctior

140 644 195 691 and
208 657 225 691 a
237 642 457 697 demonstrative
469 656 501 689 or
514 641 645 704 personal
657 655 797 705 prononn.

171 730 195 774 5.
229 722 360 774 aliamue
376 758 384 772 .
402 756 409 771 .
426 757 434 771 .
451 720 711 784 methodbeerr
723 726 861 773 consciens
874 726 990 785 taitrals
1004 726 1036 785 os
1051 740 1107 785 arry
1124 740 1224 786 wroaa.
1260 742 1285 775 α.

139 804 282 858 alienius:
300 808 348 858 the
365 808 510 858 indefinite
528 822 658 872 prononn
675 803 789 867 aliquis
807 808 831 855 is
855 808 984 857 inflected
1007 808 1065 856 like
1089 806 1168 870 quin,
1191 811 1285 861 XLIX.

138 893 208 947 Intr.
220 908 247 941 n.
259 896 283 940 2.
317 895 340 939 b.
375 887 529 948 cdnscim:
550 905 671 955 governe
692 886 832 952 inimice,
848 892 928 950 XXV,
946 895 973 951 23
993 894 1048 941 and
1067 889 1135 954 eibi,
1152 892 1286 953 XXXVII,

139 980 163 1025 2.
197 993 219 1025 c.
257 971 381 1024 fuisset:
393 974 441 1023 the
452 975 639 1039 San'nnotive
650 974 680 1024 in
693 990 710 1024 a
723 974 899 1025 conditional
916 975 1015 1034 clause,
1032 979 1161 1036 contrary
1179 980 1204 1025 to
1216 978 1287 1038 fact.

249 1509 458 1577 PENSUM
503 1508 943 1576 SEPTUAGESIMUM
987 1508 1171 1577 NONUM

171 1711 265 1764 Verte
277 1712 310 1763 in
322 1710 491 1778 Anglicnm
503 1714 566 1764 dna
578 1724 649 1763 cum
662 1711 752 1763 texet
764 1710 923 1775 superiore

179 1845 247 1911 Sed
262 1853 301 1911 ed
322 1845 510 1926 ddceptum,
532 1845 625 1929 quod
646 1865 756 1927 neque
778 1852 993 1909 commissum
1016 1853 1035 1907 d
1056 1853 1092 1908 se
1114 1844 1285 1926 intellege-

136 1965 196 2039 ret,
208 1970 312 2047 quare
321 1963 464 2038 timeret,
478 1983 589 2045 neque
600 1962 673 2025 sine
687 1970 788 2026 causa
800 1961 987 2026 timendum
999 1965 1142 2042 puldret.
1187 1960 1286 2041 Quod

136 2088 167 2146 si
185 2080 310 2148 veteris
324 2075 546 2144 contumeliae
562 2078 718 2144 oblivisci
739 2078 849 2154 vellet,
872 2100 954 2143 num
976 2079 1077 2143 etiam
1100 2078 1285 2143 recentium

136 2197 344 2273 inidridrum,
360 2197 451 2280 quod
466 2205 506 2260 ed
520 2198 628 2261 invito
643 2197 707 2260 iter
721 2218 782 2277 per
797 2196 1004 2277 provinciam
1019 2216 1078 2275 per
1093 2195 1162 2259 vim
1178 2199 1283 2276 temp-

136 2319 272 2389 tassent,
288 2314 380 2397 quod
395 2314 540 2388 Aeduda
556 2313 648 2396 quod
662 2313 854 2387 Ambarrds,
876 2313 968 2394 quod
989 2311 1188 2393 Allobrogas
1210 2321 1284 2376 vdx-

136 2435 258 2507 decent,
274 2431 468 2496 memoriam
482 2429 650 2510 ddpdnere
665 2429 784 2510 posse?

477 2630 603 2730 ίΙΝΙ)ΕΧ
632 2676 932 2732 vocassuaonum

137 2903 278 2966 decipio,
286 2914 358 2965 -ere,
367 2897 443 2965 cepi,
452 2901 561 2964 ceptus
574 2898 685 2966 [capita
771 2904 938 2948 tineararwer

168 3002 248 3070 take]
273 3005 339 3053 take
354 3005 436 3064 from,
450 3003 569 3061 deceive,
582 3002 662 3051 cheat
737 3000 852 3061 recens,
864 2997 1006 3060 recentia,
1023 3002 1080 3061 adj.
1108 3000 1171 3058 late,
1189 3002 1283 3046 recent

135 3104 322 3167 fimeta-dre,
337 3101 429 3154 timui
458 3104 551 3163 dread,
563 3103 623 3151 tear
735 3099 855 3160 temptd
880 3095 1007 3164 (tento),
1033 3102 1055 3147 1.
1087 3103 1141 3162 try,
1163 3100 1284 3163 attempt

136 3202 332 3266 contumelia,
350 3214 408 3265 -ae,
424 3218 450 3252 r.
479 3203 574 3262 insult,
592 3202 684 3265 indig-
770 3201 854 3248 aesail

170 3307 231 3369 nity
735 3299 823 3361 vdxd,
835 3303 858 3348 1.
882 3300 986 3360 herese,
999 3301 1118 3359 trouble,
1131 3315 1183 3349 vex

137 3403 311 3466 obliviscor,
323 3401 473 3464 oblivisci,
485 3401 600 3451 oblitus
612 3412 682 3450 eum
737 3398 879 3462 (ld-pond,
918 3410 990 3461 -ere,
1025 3398 1124 3462 posui,
1163 3397 1285 3460 positus

169 3508 262 3571 terget
422 3528 425 3535 ·
773 3497 878 3565 [pdnd,
898 3496 992 3565 place]
1029 3502 1108 3564 place
1129 3501 1214 3562 aeide,
1234 3504 1284 3563 put

136 3618 219 3669 num,
232 3610 292 3655 adv.
315 3605 639 3665 recommemorata,
652 3606 683 3650 ira
769 3616 846 3665 away

168 3711 253 3757 direct
263 3709 406 3769 questions,
417 3707 551 3766 implyr'rrq
568 3719 586 3751 a
603 3718 683 3763 ncca-

168 3873 281 3924 Indica
294 3870 444 3926 vocabula
456 3882 494 3924 ex
505 3868 592 3921 hisce
610 3867 806 3932 deprompta:
