2900 4275
11 314 12 327 ¹
98 326 102 335 ⁴
127 357 158 406 u.
177 360 206 407 o.
224 361 264 408 aa.
502 360 570 409 ma.
589 360 610 409 1.
629 357 706 409 oar.
725 355 825 408 xvrrr.
1233 333 1293 398 255

125 524 319 600 enentierit
335 524 529 607 intellegere
544 533 625 599 sese,
642 528 770 607 quante
786 522 821 586 id
836 541 913 585 curn
928 500 1083 601 pericule
1097 513 1225 590 fecerit,
1241 516 1276 578 et

125 641 169 703 ob
184 662 257 705 eam
271 663 415 717 causam,
431 663 533 724 quarn
548 640 607 704 die
622 640 780 721 potuerit,
797 638 951 702 tacuisse.

172 757 229 822 18.
273 756 395 822 Caesar
417 757 479 822 hac
500 758 651 821 eretiene
688 756 781 820 Lisci
818 752 1069 835 Dumnorigem,
1103 751 1272 846 {mm

125 872 293 939 Diviciaci
318 873 464 949 fretrem,
490 873 662 957 designeri
683 872 861 947 sentiebat,
884 869 951 944 sed,
975 869 1067 952 quod
1096 853 1274 949 fflsso'ia'lim

124 987 278 1068 pleribus
293 991 527 1072 praesentibus
542 999 599 1055 ees
614 1000 666 1056 res
681 991 799 1054 iacteri
815 987 958 1061 nelebat‚
976 985 1127 1050 celeriter
1152 983 1273 1049 concil-

97 1104 196 1170 'ium
224 1107 375 1184 dimittit,
399 1107 536 1172 Liscum
559 1107 690 1172 retinet.
736 1104 876 1185 Quaerit
898 1125 938 1168 ex
961 1103 1031 1168 sele
1053 1124 1100 1178 ea,
1126 1121 1212 1186 quae
1238 1102 1273 1164 in

123 1228 291 1287 convente
305 1224 442 1289 dixerat.
502 1223 596 1288 Dicit
618 1223 758 1287 liberius
780 1225 882 1304 atque
904 1221 1073 1285 audecius.
1142 1218 1270 1283 Eadem
1304 1244 1321 1289 a

123 1343 252 1403 secrete
266 1341 308 1404 ab
323 1341 399 1405 aliis
413 1341 559 1425 quaerit;
581 1340 706 1421 reperit
721 1359 793 1403 esse
816 1347 905 1402 vera:
929 1338 1047 1418 Ipsum
1071 1358 1142 1402 esse
1169 1335 1273 1400 Dum-

123 1455 283 1537 norigem,
299 1466 428 1521 summe
443 1457 592 1533 audecie,
608 1464 730 1538 megne
745 1455 836 1537 apud
858 1455 991 1536 plebem
1013 1459 1150 1536 propter
1174 1453 1271 1517 liber-

122 1569 272 1636 alitetem
286 1574 403 1655 gretie,
419 1574 580 1655 cupidum
597 1583 707 1638 rerum
729 1579 900 1637 noverum.
947 1571 1139 1653 Compluris
1168 1577 1274 1634 annes

122 1689 269 1768 porteris
284 1688 480 1772 reliquaque
495 1691 607 1755 omnia
622 1678 818 1754 Aeduerum
833 1688 1010 1771 vectigelia
1034 1696 1137 1768 parve
1161 1687 1270 1767 pretie

122 1802 294 1885 redempta
308 1807 440 1882 habere,
456 1810 632 1887 propteree
647 1806 740 1889 quod
755 1806 814 1869 ille
829 1805 951 1870 licente
963 1809 1079 1868 contre
1092 1804 1187 1867 liceri
1214 1825 1270 1867 au·
1291 1825 1323 1874 ιο

120 1919 200 1984 deat
214 1929 321 1987 neme.
385 1920 452 1987 His
473 1923 574 1987 rebus
594 1929 629 1987 et
650 1945 745 1987 suam
768 1943 838 1987 rem
860 1921 1059 1986 familierem
1082 1921 1214 1985 auxisse
1236 1923 1271 1985 et

121 2034 301 2103 facultates
321 2039 364 2104 ad
385 2038 595 2122 largiendum
617 2048 756 2121 megaris
778 2046 1001 2120 comparesse3
1025 2046 1184 2121 megnum
1210 2060 1270 2101 nu·

121 2175 251 2219 merum
279 2158 450 2240 equitetis
478 2165 540 2222 sue
568 2163 704 2239 sempte
735 2178 867 2239 semper
896 2156 983 2221 alere
1012 2161 1046 2220 et
1085 2156 1212 2219 circum
1235 2164 1272 2219 se

120 2270 254 2347 habere,
270 2294 380 2355 neque
394 2273 502 2338 selum
516 2274 617 2350 dorni,
633 2275 692 2339 sed
707 2275 809 2339 etiam
825 2275 916 2355 apud
931 2273 1098 2337 finitimes
1115 2274 1271 2338 civitetes

121 2386 258 2468 largIter
272 2410 378 2469 posse,
394 2394 495 2473 atque
510 2391 611 2455 binius
626 2392 798 2472 potentiae
813 2398 914 2455 cause
930 2394 1069 2454 metram
1086 2388 1264 2454 in·Bituri-
1291 2411 1323 2457 1⁵

121 2502 223 2584 gibus
238 2504 368 2568 bomini
385 2505 454 2570 illic
470 2507 679 2572 nebilissime
694 2516 733 2572 ec
749 2508 985 2589 potentissime
1000 2506 1188 2582 collocasse,
1220 2507 1269 2587 ip-

120 2641 196 2683 sum
212 2640 251 2683 ex
268 2618 437 2686 Helvetiis
461 2631 600 2687 uxerum
623 2624 755 2699 habere,
779 2631 925 2688 sorerem
947 2644 987 2687 ex
1010 2629 1115 2688 metre
1137 2627 1172 2688 et
1194 2645 1268 2704 pro-

121 2742 268 2818 pinques
282 2744 360 2802 sues
374 2742 518 2819 neptum
534 2740 569 2803 in
586 2738 668 2804 aliea
683 2740 838 2805 civitetes
853 2739 1041 2804 collocesse.
1088 2739 1213 2805 Favere
1235 2743 1269 2805 et

120 2873 244 2932 cupere
273 2852 441 2918 Helvetiis
462 2860 598 2935 propter
619 2876 691 2920 eam
714 2856 926 2933 affinitetem,
950 2858 1059 2921 edisse
1083 2858 1184 2921 etiam
1209 2866 1271 2921 sue

121 2969 257 3033 nemine
272 2968 446 3034 Caesarem
461 2976 496 3034 et
510 2970 689 3047 Remenes‚
705 2973 797 3055 quod
812 2981 926 3038 aerum
942 2975 1088 3039 aduente
1112 2975 1264 3055 potentia
1288 2995 1322 3042 20

119 3085 194 3149 eius
208 3085 380 3150 demineta
396 3090 430 3150 et
446 3086 639 3151 Diviciacus
655 3088 760 3152 freter
776 3090 812 3153 in
828 3095 1005 3173 antiquum
1022 3090 1131 3155 lecum
1143 3092 1270 3173 gretiac

120 3205 223 3284 atque
238 3202 374 3267 honeris
388 3203 433 3267 sit
448 3204 631 3269 restitetus.
677 3204 716 3269 Si
731 3205 816 3289 quid
831 3207 961 3271 accidat
983 3207 1153 3283 Remenia
1179 3230 1268 3272 sum-

120 3339 209 3381 mam
224 3317 260 3382 in
275 3339 368 3398 spem
383 3340 443 3400 per
458 3317 633 3384 Helveties
655 3330 753 3404 regni
776 3322 953 3387 obtinendi
976 3331 1089 3388 venire
1095 3348 1103 3403 ;
1129 3326 1270 3405 imperie

119 3434 239 3516 populi
253 3434 399 3499 Remeni
413 3443 482 3499 nen
503 3436 602 3501 modo
622 3437 666 3502 de
687 3446 800 3519 regne,
823 3439 882 3503 sed
904 3440 1005 3503 etiam
1027 3440 1069 3505 de
1091 3449 1137 3516 ee,
1164 3463 1265 3524 quarn

119 3550 251 3626 habeat,
280 3552 388 3633 gretie
409 3551 594 3632 desperere.
660 3553 866 3635 Reperiebat
889 3557 989 3621 etiam
1013 3556 1048 3620 in
1071 3559 1266 3639 quaerende
1284 3580 1318 3627 25

119 3663 251 3743 Caesar,
267 3667 357 3751 quod
372 3667 538 3747 proelium
555 3674 709 3752 equestre
726 3671 903 3736 adversum
920 3681 1038 3753 paucis
1054 3678 1132 3736 ante
1149 3673 1270 3739 diebus

119 3788 207 3847 esset
222 3782 358 3858 facturn,
375 3783 511 3847 initium
527 3786 600 3849 eius
615 3785 716 3867 fugae
740 3786 868 3851 lactum
891 3796 909 3851 e
933 3788 1142 3868 Dumnorige
1164 3793 1265 3871 atque

118 3899 193 3964 eius
207 3899 380 3981 equitibus
405 3900 500 3981 (narn
523 3902 701 3984 equitetui‚
725 3924 826 3985 quern
849 3902 975 3966 auxilie
997 3901 1133 3966 Caesari
1154 3903 1266 3968 Aedui

118 4020 288 4090 miserant,
326 4013 514 4079 Dumnorix
536 4017 721 4099 praeerat):
758 4026 874 4082 eerurn
898 4018 979 4100 fuge
1005 4017 1173 4104 reliquum
1195 4036 1267 4083 asse

118 4132 307 4211 equitetum
323 4132 545 4212 perterritum
1285 4144 1320 4193 ac
