2900 4275
183 302 244 368 186
547 320 698 397 uunnuu
733 320 977 371 nunrarroun
1069 274 1072 280 ⁴

182 488 211 551 6.
256 488 299 551 In
315 487 384 550 this
399 486 626 569 embassywas
641 483 773 559 Divico,
789 485 863 549 who
872 485 939 549 had
954 484 1076 568 fought
1088 488 1168 551 with
1183 486 1329 555 Cassius.

187 589 215 653 7.
261 587 280 650 I
294 587 338 650 do
353 590 413 650 not
422 585 520 649 know
528 586 678 650 whether
693 585 793 649 itwas
808 585 853 668 by
876 586 1003 651 chance
1018 610 1055 650 or
1069 588 1115 669 by
1130 587 1188 651 the
1210 589 1330 672 design

183 687 219 750 of
248 688 305 751 the
331 686 499 751 immortal
527 686 619 768 gods.
663 686 691 749 8.
736 685 819 750 This
848 686 1054 750 remarkable
1082 687 1226 751 disaster
1263 689 1329 753 will

183 788 283 868 bring
301 788 522 868 punishment
537 809 629 867 upon
644 785 701 849 the
716 807 845 866 enemy.

216 936 328 988 Latius
338 935 389 987 hie
399 937 597 999 respondeto:

224 1054 316 1135 Quas
341 1055 482 1118 iniurias
514 1054 607 1117 ultus
628 1059 678 1118 est
708 1052 851 1117 Caesar?
894 1053 1016 1119 Nonne
1038 1053 1160 1119 Caesar
1175 1058 1327 1137 publicas

180 1157 320 1219 iniurias
336 1155 427 1218 ultus
442 1154 513 1217 est?
538 1150 610 1231 (Ita
616 1178 624 1232 ;
638 1155 710 1234 ipse
726 1162 795 1216 non
809 1153 908 1217 modo
920 1153 1072 1235 publicas
1087 1165 1202 1220 verum
1225 1158 1326 1221 etiam

180 1260 328 1337 privatas
345 1255 485 1317 iniurias
499 1253 592 1316 ultus
612 1251 689 1330 est.)
717 1252 803 1333 Quis
818 1258 888 1317 erat
903 1276 999 1318 socer
1014 1252 1187 1319 Caesaris?
1232 1256 1326 1336 Quae

179 1361 250 1421 erat
267 1355 420 1419 Caesaris
441 1375 524 1417 uxor
555 1352 691 1437 (offen
737 1351 948 1435 (Calpurnia,
978 1355 1113 1419 Prsenis
1142 1355 1225 1431 filia,
1255 1362 1327 1421 erat

180 1477 263 1520 uxor
278 1453 458 1533 Caesaris.)
504 1453 1034 1535 QuosinterfeceruntTigurini‘l
1071 1454 1215 1535 Quando
1225 1457 1325 1521 inter-

180 1556 333 1620 fecerunt
356 1554 513 1636 Tigurini
539 1553 578 1617 L.
601 1553 780 1618 Pisonem?
824 1553 936 1633 Quare
954 1553 1062 1638 (why)
1094 1557 1223 1620 miravit
1244 1555 1325 1620 an-

179 1678 232 1720 sar
247 1658 283 1719 in
299 1656 404 1718 Arare
420 1658 557 1734 pontem
572 1653 787 1717 faciendum?
829 1652 921 1734 Quid
944 1655 1113 1719 traduxit?
1156 1655 1224 1719 Gur
1245 1663 1325 1722 sunt

181 1755 335 1821 Helvetii
357 1754 535 1819 commoti?
578 1753 671 1834 Quos
686 1754 828 1818 mittunt
842 1754 884 1817 ad
900 1756 997 1818 eum?
1041 1752 1126 1834 Quis
1149 1754 1215 1820 fuit
1237 1756 1324 1839 lega-

181 1858 284 1920 tionis
301 1855 479 1936 princeps?
522 1853 598 1934 Quo
621 1855 656 1917 in
679 1854 768 1918 bello
790 1853 900 1919 fuerat
922 1853 990 1917 dux
1006 1854 1149 1919 Divico?
1192 1856 1267 1936 Qua
1289 1858 1325 1921 in

180 1956 430 2020 constructione
459 1958 509 2019 est
539 1955 698 2019 deorum?
744 1953 826 2035 (Est
857 1952 1043 2019 Genetivus
1071 1958 1323 2036 possessionis).

178 2056 349 2120 iniurius?
390 2056 639 2137 (Accusativus,
655 2054 825 2119 obiectum
841 2055 935 2119 verbi
956 2054 1049 2118 ullus
1073 2055 1150 2134 est)
1195 2058 1324 2121 soceri?

204 2156 331 2221 roella?

175 2179 335 2322 purpura
358 2258 406 2306 the
429 2257 511 2306 mode
539 2257 570 2305 of
589 2255 695 2316 posset
725 2252 861 2319 (XLVIII,
891 2252 930 2320 6);
959 2252 1080 2316 seersum
1105 2253 1324 2322 intellegerent

181 2340 288 2407 (XLVI,
302 2337 339 2405 1).

696 2501 825 2553 ΝΟΤΕ8

212 2630 234 2674 1.
268 2625 311 2674 An
323 2624 441 2689 English
453 2610 533 2672 order
547 2624 621 2672 from
633 2621 717 2683 quod
730 2625 820 2672 would
833 2626 876 2682 be,
894 2629 965 2686 quod
980 2624 1105 2686 Tiqurinl
1120 2625 1208 2674 eodem
1217 2626 1322 2688 proelio

177 2709 229 2771 quo
243 2711 367 2758 Cassium
381 2703 602 2775 (interfecerant),
616 2705 807 2768 interfecerant
824 2706 939 2756 Durium
956 2707 1080 2759 Pisonem
1099 2707 1222 2768 landrum,
1242 2725 1322 2759 avum

178 2792 258 2842 Lusii
269 2791 377 2841 Pisonis
391 2790 448 2839 iius
462 2787 613 2855 (Caesam)
627 2788 718 2838 soceri.

209 2879 233 2925 2.
268 2875 395 2937 pontem
407 2872 582 2924 faciendum
595 2872 796 2933 euraheauses
813 2888 831 2921 a
848 2876 941 2934 bridqe
961 2878 986 2921 to
1007 2877 1036 2922 be
1056 2878 1141 2922 made.
1193 2876 1250 2923 The
1270 2877 1321 2925 Ge·

176 2961 294 3010 rundive
307 2955 488 3022 (faciendum)
503 2960 527 3006 is
540 2959 603 3006 here
615 2958 763 3020 employed
774 2960 803 3005 to
817 2958 917 3004 denote
925 2972 1052 3018 purpose.

209 3048 232 3093 3.
267 3054 338 3093 cum
353 3038 633 3104 ...intellegerentt
653 3041 772 3104 English
792 3043 880 3098 order,
905 3056 964 3088 oum
984 3043 1166 3100 intelleqerent
1188 3044 1266 3092 Illum
1278 3041 1321 3104 se-

175 3127 307 3176 ciaaerino
318 3126 403 3176 (1ίὲἱά
419 3128 554 3186 quodeto.
589 3123 624 3172 ut
708 3121 885 3183 transimus,
906 3125 930 3172 is
951 3125 979 3172 in
1002 3124 1168 3187 apposition
1192 3126 1258 3173 with
1280 3123 1320 3174 id.

177 3214 219 3260 Of.
235 3211 272 3261 ut
286 3248 290 3258 .
302 3248 324 3260 ..
339 3208 537 3270 cremaretur,
549 3208 643 3266 XLIV,
657 3212 680 3256 5.

273 3489 482 3558 PENSUM
526 3486 965 3592 SEPTUAGESIMUM
1009 3486 1226 3555 SEXTUM

214 3659 308 3711 Verte
320 3657 397 3709 haec
409 3657 441 3706 in
454 3655 634 3720 Anglioum:

214 3775 251 3840 Is
272 3777 319 3838 ita
341 3796 417 3837 oum
440 3771 580 3836 Caesare
603 3772 684 3852 egit:
709 3770 747 3834 Si
762 3779 877 3850 pacem
892 3771 1038 3851 populus
1054 3772 1227 3838 Romanus
1242 3798 1318 3839 cum

172 3891 340 3957 Helvetiis
354 3889 488 3963 faceret,
507 3889 543 3951 in
559 3908 630 3951 eam
646 3892 774 3967 partem
790 3888 894 3951 ituros
909 3891 1010 3971 atque
1026 3890 1073 3953 ibi
1090 3890 1222 3956 tuturos
1237 3891 1318 3957 Hel-
