2900 4275
595 330 645 378 DE
664 327 782 378 BELLO
801 317 957 377 Gannico
1135 323 1166 374 A.
1184 325 1216 376 U.
1234 325 1264 375 0.
1282 328 1339 374 696.
1447 389 1448 402 ¹

150 512 165 556 5
199 488 403 573 aSequanis
417 493 644 574 impetrarent.
688 493 876 557 Dumnorix
891 492 998 574 gratia
1013 494 1047 556 et
1061 491 1238 573 largitiene
1250 488 1339 570 apud
1447 533 1448 616 ἢ

200 604 377 689 Sequanes
391 607 573 687 phirimum
588 613 718 688 poterat
733 613 767 673 et
789 607 956 672 Helvetiis
984 611 1055 671 erat
1083 614 1219 681 amicus,
1250 605 1342 688 quod

200 744 241 786 ex
255 731 294 786 ea
308 723 445 787 civitate
460 722 669 807 Orgetorigis
683 724 792 788 filiam
807 725 843 788 in
858 705 1107 788 matrinianium
1130 723 1277 796 denerat,
1308 724 1342 784 et
1426 790 1428 794 ,

200 839 386 920 eupiditate
421 848 518 922 regni
546 840 711 905 adductus
739 847 836 904 novis
863 840 963 904 rebus
991 839 1149 904 studebat
1177 842 1211 902 et
1239 859 1341 920 quam

201 955 361 1036 phirimas
374 957 529 1020 civitates
560 965 623 1020 sue
650 957 814 1021 benefieie
842 956 965 1019 habere
993 955 1171 1019 obstrictas
1198 953 1341 1019 volebat.

152 1090 183 1136 10
201 1072 322 1155 Itaque
337 1094 406 1136 rem
421 1073 565 1153 suscipit
579 1077 613 1136 et
628 1081 648 1136 a
663 1071 831 1154 Sequanis
845 1073 1011 1152 impetrat,
1028 1074 1066 1134 ut
1081 1092 1140 1150 per
1154 1069 1242 1136 fines
1264 1078 1343 1135 sues

201 1187 377 1253 Helveties
390 1197 440 1253 ire
453 1189 634 1270 patiantur,
650 1188 852 1270 obsidesque
868 1191 918 1251 uti
934 1188 1021 1250 inter
1049 1196 1121 1251 sese
1149 1187 1239 1262 dent,
1269 1208 1342 1268 per-

201 1305 284 1369 ficit:
308 1304 467 1387 Sequani,
482 1314 526 1369 ne
540 1305 660 1369 itinere
676 1303 852 1368 Helveties
873 1303 1084 1384 prohibeant,
1115 1301 1274 1378 Helvetii,
1305 1306 1344 1365 ut

201 1421 275 1484 sine
288 1421 454 1484 maleficia
467 1426 502 1486 et
516 1421 638 1485 inieria
653 1425 833 1486 transeant.

200 1539 369 1633 mim
447 1539 505 1603 10.
548 1537 684 1602 Caesari
726 1537 946 1613 renentiatur,
991 1535 1159 1601 Helvetiis
1199 1558 1270 1600 esse
1307 1537 1344 1598 in
1447 1523 1448 1590 j

202 1639 382 1683 tooppoaathair
447 1654 453 1666 ·
482 1636 486 1642 '

157 1683 159 1687 ·
199 1698 300 1735 ma„
398 1662 521 1730 emme,
537 1676 596 1735 per
609 1676 726 1737 agrum
742 1653 976 1737 Sequanerum
991 1659 1025 1723 et
1053 1653 1246 1716 Aeduerum
1280 1653 1346 1714 iter
1447 1669 1448 1694 1

203 1770 239 1832 in
255 1769 442 1834 Santonum
456 1769 546 1835 fmes
559 1771 678 1846 faeere,
694 1779 755 1853 qui
770 1777 838 1833 nen
853 1770 953 1852 longe
964 1777 983 1832 a
994 1769 1201 1832 Tolosatium
1213 1767 1345 1830 finibus

203 1886 335 1962 absunt,
351 1908 437 1969 quae
447 1888 567 1951 civitas
582 1892 632 1951 est
643 1888 680 1950 in
690 1887 872 1968 previneia.
917 1885 959 1951 Id
970 1893 1001 1949 si
1012 1885 1114 1960 fieret,
1128 1883 1347 1966 intellegebat

154 2023 169 2068 5
203 2011 325 2084 magne
339 2025 416 2067 eum
430 2004 581 2084 pericula
594 2004 786 2084 previueiae
809 2002 971 2077 luterum,
1002 2006 1040 2065 ut
1068 2001 1221 2064 homiues
1250 1999 1345 2062 belli·

204 2126 307 2195 ceses,
322 2120 440 2200 populi
459 2119 605 2185 Remani
626 2120 790 2195 inimices,
813 2119 895 2183 loeis
916 2117 1113 2199 patentibus
1134 2116 1347 2197 maximeque

204 2234 432 2301 frumentariis
446 2236 612 2301 finitimas
627 2237 773 2300 haberet.
818 2234 873 2299 Ob
887 2244 944 2299 eas
961 2242 1078 2298 eausas
1100 2241 1132 2297 ei
1154 2233 1346 2307 mimitieni,

205 2373 306 2433 quarn
321 2352 455 2428 fecerat,
471 2353 508 2416 Τ.
525 2354 712 2417 Labienum
728 2353 875 2433 legatum
887 2350 1063 2432 praefecit3
1079 2351 1151 2431 ipse
1162 2351 1198 2414 in
1211 2326 1346 2412 ltaliam
1447 2444 1448 2447 Ἴ

205 2475 337 2549 magnis
351 2469 530 2533 itineribus
544 2470 717 2533 contendit
731 2468 882 2549 duasque
907 2467 956 2530 ibi
986 2467 1135 2549 legianes
1163 2466 1348 2531 censoribit

157 2604 190 2649 10
207 2587 241 2645 et
255 2588 331 2659 tres,
346 2605 433 2665 quae
447 2584 573 2648 oireum
587 2585 779 2667 Aquileiam
795 2584 998 2659 hiemabant,
1015 2604 1054 2647 ex
1070 2584 1221 2646 hibernis
1233 2580 1348 2645 edaeit

207 2703 249 2774 et,
265 2707 333 2781 qua
346 2701 534 2781 proximum
550 2702 613 2764 iter
627 2702 663 2764 in
679 2700 869 2764 alterierem
890 2698 1036 2763 Galliam
1059 2720 1118 2779 per
1139 2697 1243 2778 Alpes
1265 2702 1346 2773 erat,

208 2793 284 2878 oum
299 2815 354 2879 his
367 2822 519 2897 quinque
532 2816 723 2898 legienibus
737 2824 786 2879 ire
801 2816 983 2880 contendit.
1042 2814 1097 2878 Ibi
1113 2814 1298 2878 Oeutrenes
1313 2817 1349 2877 et

208 2930 377 2996 Graioceli
391 2936 424 2995 et
438 2930 624 3013 Caturiges,
645 2933 729 2997 loeis
757 2932 987 3013 superieribus
1015 2934 1196 3011 occupatis,
1226 2929 1350 2993 itinere

158 3110 163 3119 ,
208 3048 391 3111 exereitum
419 3048 596 3127 prohibere
625 3054 797 3112 canantur.
863 3046 1101 3128 Oomphiribus
1130 3046 1184 3109 his
1212 3044 1351 3125 proeliIs
1447 3020 1448 3029 ¹

147 3180 190 3229 '15
208 3164 325 3244 pulsis,
340 3163 384 3226 ab
397 3162 510 3239 Ocele,
526 3165 616 3246 quod
631 3169 682 3228 est
696 3164 860 3228 eiterieris
882 3164 1073 3244 previnoiae
1095 3166 1288 3235 extremum,
1313 3160 1350 3223 in

209 3279 298 3343 fines
313 3279 553 3344 Vocontierum
569 3280 735 3344 alterieris
750 3280 941 3359 previneiae
956 3279 1011 3343 die
1025 3278 1169 3358 septime
1183 3277 1350 3357 pervenit:
1392 3276 1402 3300 ²

209 3396 288 3459 inde
304 3396 340 3458 in
368 3395 587 3477 Allobrogum
615 3395 712 3471 fines,
742 3395 785 3458 ab
813 3394 1052 3476 Allobrogibus
1081 3394 1117 3455 in
1147 3391 1350 3473 Segusiaves

210 3512 392 3575 exereitum
406 3511 509 3575 ducit.
553 3510 602 3573 Hi
615 3515 695 3574 sunt
709 3515 802 3573 extre
817 3510 1021 3589 previneiam
1038 3513 1129 3572 trans
1144 3507 1347 3571 Rhodanum

211 3650 321 3707 prrmr.

212 3755 396 3793 meletiam
457 3744 515 3807 ll.
558 3742 708 3807 Helvetii
726 3742 792 3805 iam
822 3762 881 3821 per
909 3742 1081 3822 angustias
1110 3745 1144 3804 et
1173 3740 1261 3804 lines
1292 3738 1350 3803 Se·
1447 3804 1448 3809 ,

211 3806 294 3842 {newa
304 3806 340 3841 the

211 3852 392 3940 Ξζᾞᾘῖἵοξζξξ,
412 3865 599 3938 quanerum
613 3866 690 3919 suas
705 3857 818 3935 capias
833 3856 1047 3918 tradererant
1061 3859 1094 3918 et
1108 3856 1145 3917 in
1155 3854 1351 3918 Aeduerum

210 3951 387 4046 'iia‘i'tioiiui'aar''
412 3970 501 4035 fines
515 3975 734 4051 pervenerant
758 3978 939 4051 earumque
968 3977 1064 4050 agree
1092 3970 1350 4050 populabantur.
