2900 4275
552 298 703 349 BELLUM
738 298 982 349 flnnvnrraun

512 692 720 760 PENSUM
767 694 1005 761 TERTIUM

393 880 506 931 Review
518 882 572 929 and
584 880 671 930 reoite
682 882 794 945 rapidly
806 880 854 932 the
865 881 1000 947 previous
1011 882 1130 934 ressone.

216 1032 305 1081 Recita
317 1034 373 1081 ond
386 1033 534 1081 translate:

223 1178 335 1245 Gallia
350 1184 402 1245 est
415 1182 525 1245 omnis
539 1180 648 1247 divisa
669 1188 706 1246 in
727 1188 840 1264 partes
868 1185 946 1260 trae,
974 1191 1118 1267 quarum
1147 1191 1249 1249 finam
1277 1184 1328 1249 in-

181 1297 298 1362 colunt
319 1296 454 1381 Belgae,
476 1298 577 1362 aliam
597 1298 774 1383 Aquilam,
797 1300 940 1376 tertiam,
963 1308 1025 1384 qui
1046 1300 1196 1381 ipsorum
1210 1300 1328 1383 lingua

180 1413 305 1491 Celtae,
315 1419 429 1479 nostra
444 1413 537 1479 Galli
550 1414 772 1496 appellantur.
817 1414 867 1480 Ηῑ
878 1426 994 1481 omnes
1005 1416 1131 1499 lingua,
1147 1419 1317 1483 rastitatis

179 1532 313 1615 legibus
328 1532 417 1597 inter
430 1542 467 1597 ee
486 1532 658 1597 differunt,

533 1694 833 1749 vocassuroaum
864 1698 978 1749 ΙΝΒΕΧ

180 1863 307 1917 tertium
333 1868 410 1918 third
779 1865 860 1916 inter
886 1884 990 1933 among

177 1966 212 2015 hi
238 1968 315 2017 these
778 1969 812 2016 se
837 1970 1002 2018 themselves

177 2065 332 2117 inseratis
358 2064 412 2134 (in)
425 2071 549 2117 anatome
778 2064 920 2117 differunt
946 2070 1027 2117 differ

177 2165 299 2232 legibus
324 2165 378 2234 (in)
391 2170 458 2218 lawe

207 2302 316 2353 Indica
333 2303 483 2353 vocabula
500 2315 538 2352 ex
555 2301 640 2352 hisee
658 2301 854 2364 deprompta:

207 2417 310 2470 orcita
327 2419 404 2471 naec
422 2418 545 2470 natine:
587 2401 589 2406 '

218 2529 307 2595 Who
325 2531 439 2618 (those
468 2531 559 2613 who)
572 2531 830 2600 -Oelts-are
859 2535 1098 2602 called—who
1127 2559 1183 2602 are
1213 2537 1321 2602 called

176 2629 269 2695 Oelte
277 2631 399 2696 --who
419 2654 475 2696 are
490 2633 597 2698 called
626 2633 824 2700 Gauls—in
845 2635 936 2698 their
963 2659 1038 2700 own
1063 2636 1323 2720 language—in

175 2730 521 2814 ourlanguage-the
536 2731 629 2797 Oelts
638 2757 694 2798 are
706 2734 813 2798 called
822 2733 929 2799 Gauls
939 2736 975 2800 in
986 2758 1049 2800 our
1059 2736 1226 2820 language
1235 2738 1322 2800 -in

175 2831 264 2895 their
278 2853 352 2895 own
367 2831 532 2914 language
547 2833 628 2915 they
638 2856 693 2897 are
704 2833 812 2897 called
826 2833 1031 2900 (lello—the
1046 2834 1172 2920 Belgae
1187 2837 1322 2902 inhabit

174 2953 238 2996 one
253 2931 440 3012 part-the
455 2931 547 2997 (lette
563 2934 696 2997 inhabit
710 2933 769 2997 the
783 2934 876 2998 third
896 2936 1168 3016 part-another
1195 2941 1272 3019 part
1286 2936 1322 3001 ot

176 3030 286 3096 which
302 3031 360 3095 the
374 3031 602 3114 Aquitanians
622 3033 1003 3099 inhabit—these—all
1014 3036 1211 3101 these-all
1225 3037 1320 3103 these

147 3121 410 3212 'differ-they
431 3132 530 3196 differ
558 3134 595 3198 in
623 3133 789 3214 language
817 3134 884 3198 and
913 3135 951 3199 in
978 3134 1193 3220 lawe-they
1221 3137 1321 3202 differ

172 3230 259 3295 from
274 3252 339 3294 one
353 3231 494 3294 another
509 3233 545 3295 in
560 3237 715 3298 anatome.

204 3354 315 3405 Latine
332 3353 383 3404 his
400 3355 598 3418 respondeto:

214 3471 289 3552 Quo
304 3471 440 3534 nomine
459 3472 518 3554 (by
533 3471 621 3535 what
636 3471 752 3552 narra)
770 3473 984 3555 appellantur
999 3476 1114 3543 Celtae
1126 3486 1239 3546 nostra
1251 3481 1312 3545 lin-

170 3573 257 3653 gua?
304 3569 436 3654 (Celtae
452 3576 564 3634 nostra
586 3570 702 3653 lingua
725 3571 817 3636 Galli
839 3574 1081 3658 appellantur).
1127 3579 1197 3660 Qui
1217 3583 1312 3645 diffe-

170 3675 250 3736 runt
264 3673 352 3735 inter
366 3671 422 3734 se?
466 3670 542 3750 Quo
557 3672 655 3734 rnodo
673 3672 779 3754 (how)
794 3675 882 3738 inter
893 3686 929 3739 se
940 3677 1123 3743 differunt?
1167 3681 1235 3762 Qui
1246 3683 1310 3746 dif-

170 3772 284 3836 ferunt
306 3771 432 3853 lingua,
455 3773 630 3849 institfitis,
661 3772 814 3854 legibus?
870 3775 992 3841 Nonne
1015 3778 1140 3861 Belgae
1162 3786 1197 3845 et
1219 3781 1311 3847 Galli

169 3874 257 3936 inter
271 3882 308 3938 ee
322 3872 503 3939 differunt?

1442 1869 1446 1996 r
