2900 4275
158 386 159 391 ,
326 309 484 391 ΡΕΝευΜ
511 339 832 425 Qurnmonsmuu
867 2 1357 433 PumuuNss

168 509 260 558 Below
271 522 319 558 ere
330 512 415 573 given
427 508 475 557 the
488 509 598 558 Perfect
611 510 666 558 and
679 509 840 573 Pluperfect
850 508 1038 570 subjunctive
1050 507 1133 555 Pessi

136 591 295 657 remaining
306 591 385 641 three
397 594 608 657 conjugatione.

545 707 681 771 rempue
714 704 884 770 perfectum

338 823 514 890 Singularis
634 872 640 889 ,
666 790 669 794 ’
940 820 1074 873 murem

123 956 173 1008 ,ΙΙ
196 956 334 1008 monitus
351 972 383 1010 -e
400 972 466 1009 -um
542 958 603 1011 eim
652 918 656 927 Ι
796 956 908 1009 moniti
925 969 974 1007 -ee
991 968 1023 1007 -e
1097 956 1198 1006 simus

137 1040 190 1094 111
233 1042 336 1093 terem
353 1056 385 1095 ·e
401 1056 468 1095 -um
543 1043 587 1093 eie
832 1040 908 1092 tecti
925 1053 975 1091 -ee
991 1054 1023 1091 -u
1098 1039 1170 1091 sitis

88 1139 91 1145 ·
136 1122 184 1176 1v
211 1124 337 1178 auditus
353 1139 385 1178 -e
401 1141 468 1178 -um
543 1125 586 1178 sit
796 1124 907 1207 'auditi
924 1136 974 1175 -ue
991 1137 1023 1175 -e
1098 1122 1164 1175 sint

444 1225 579 1290 Tempus
612 1224 778 1289 plusquam
812 1227 982 1288 perfectum

341 1325 516 1392 Singuleris
707 1324 708 1327 ’
941 1323 1075 1374 Plureus

140 1442 176 1492 11
198 1440 339 1493 monitus
355 1456 387 1494 -e
403 1456 470 1493 -um
546 1454 645 1492 essem
795 1440 907 1491 moniti
925 1453 974 1491 -ee
991 1454 1023 1490 -a
1099 1443 1239 1491 essemus
1312 1474 1316 1479 -

137 1524 192 1576 111
238 1526 342 1577 escun
358 1539 391 1578 -e
407 1538 470 1578 -um
546 1526 630 1576 essee
827 1524 909 1576 tecti
926 1537 976 1574 -ae
992 1536 1025 1574 -e
1100 1523 1211 1575 essetis

136 1605 185 1659 Π
212 1607 339 1659 auditus
355 1621 387 1660 -e
403 1622 471 1659 -um
546 1609 629 1661 esset
811 1606 910 1658 auditi
927 1619 977 1657 -ee
993 1621 1031 1658 -u
1101 1610 1206 1659 essent

170 1723 503 1791 VerteinAnglicum:

179 1823 313 1901 Omnia,
323 1847 409 1908 quae
417 1826 459 1889 ud
469 1824 750 1906 proficiscendum
760 1824 977 1905 pertinerent,
989 1828 1181 1904 componite
1192 1828 1282 1889 sunt

138 1923 329 2000 (terrorum
345 1946 446 2007 quam
462 1925 627 1988 miximus
641 1946 802 1988 numerus
830 1929 1005 2004 coemptus
1035 1928 1095 1988 est.
1138 1924 1285 2006 Mignae

138 2029 307 2091 sementes
330 2024 439 2088 tactae
468 2028 556 2105 sunt.
601 2024 672 2087 Prix
702 2028 736 2087 et
765 2025 913 2088 amicitia
944 2022 1164 2088 confirmetue
1194 2030 1284 2089 sunt.

139 2125 323 2190 Biennium
340 2125 405 2190 sibi
421 2124 503 2190 satis
518 2147 589 2189 esse
604 2124 733 2190 dictum
749 2128 809 2188 est.
853 2123 1024 2188 Profectio
1054 2123 1284 2190 confirmetur.

139 2226 343 2310 Legitiones
368 2230 542 2306 susceptae
564 2229 685 2289 essent.
729 2224 857 2289 Oastici
878 2229 973 2305 puter
996 2223 1175 2308 Sequenus
1204 2230 1284 2290 eret.

139 2326 298 2408 Regnum
313 2330 445 2390 nostrae
460 2326 608 2390 civitsrtis
629 2335 842 2406 occupemus.
886 2325 940 2389 Sit
968 2326 1073 2389 freter
1097 2328 1171 2391 eius
1194 2326 1287 2407 plebi

139 2432 306 2508 acceptus.
350 2425 399 2491 Ut
410 2426 498 2489 idem
510 2430 697 2501 coneretur,
709 2426 982 2507 persuadebatur.
1027 2426 1214 2508 Imperium
1229 2429 1286 2490 ob-

140 2531 295 2594 tenturus
309 2549 394 2591 sum.
438 2525 556 2608 Regna
572 2525 640 2590 illis
655 2526 834 2590 conciliata
849 2530 954 2592 erant.
999 2527 1049 2593 Iis
1073 2528 1287 2592 iureiurando

139 2628 317 2694 dabantur.
361 2625 473 2692 Gallia
488 2631 539 2690 est
554 2631 625 2690 totu
639 2626 749 2691 divisa
763 2628 800 2690 in
815 2632 908 2708 part·
943 2633 1019 2692 tres.

174 2743 343 2810 Sequentia
355 2741 469 2795 litteris
481 2741 602 2794 Latiniri
613 2743 774 2794 mandato:
927 2799 931 2807 ⁴

183 2845 212 2910 l.
235 2844 297 2910 We
312 2866 389 2926 may
404 2845 445 2907 be
461 2845 497 2907 in
512 2844 586 2906 that
601 2843 762 2924 kingdom
778 2849 812 2907 ut
841 2843 982 2907 another
1008 2845 1098 2907 time.
1143 2844 1171 2906 2.
1197 2843 1231 2907 It
1258 2845 1287 2907 is

140 2950 200 3010 not
211 2942 371 3010 doubtful
385 2944 460 3007 thet
471 2944 552 3025 they
561 2943 628 3008 will
644 2947 788 3024 attempt
802 2943 860 3007 the
870 2966 969 3007 same.
1014 2943 1042 3008 3.
1067 2943 1163 3025 They
1173 2944 1285 3026 might

140 3045 226 3109 have
241 3045 327 3109 been
341 3043 439 3108 loved
456 3044 499 3125 by
515 3043 567 3107 ull.
611 3043 640 3107 4.
664 3041 740 3106 You
758 3044 867 3125 might
882 3043 966 3108 heve
981 3044 1093 3108 seized
1109 3043 1167 3108 the
1190 3045 1285 3126 royal

141 3165 252 3225 power
266 3143 413 3224 through
430 3143 524 3207 these
538 3146 655 3226 strong
670 3144 816 3225 peoples.
859 3145 889 3208 5.
912 3143 984 3208 The
1000 3148 1114 3225 troops
1130 3166 1215 3209 were
1231 3146 1280 3208 in·
1322 3187 1326 3194 -

143 3243 298 3308 fluenced
312 3243 358 3327 by
380 3243 434 3308 his
449 3242 582 3326 speech.
