2900 4275
148 326 206 397 ὅθ’
504 354 654 410 sennan
690 353 934 402 nauvurrean

145 517 252 581 facim,
265 523 338 568 from
351 521 438 569 which
451 522 497 568 ihe
509 522 611 569 adverb
624 517 713 569 facile
726 522 750 568 is
769 521 891 568 derived.
937 519 967 567 Α.
980 522 1023 577 92;
1041 520 1073 567 G.
1087 523 1127 578 93,
1139 521 1167 577 43
1185 520 1219 568 H.
1231 522 1292 577 8063

147 606 176 651 P.
190 608 245 651 175.

179 692 202 735 3.
236 689 332 736 Nonne
346 689 433 736 ofthe
446 690 547 736 second
560 689 718 735 deciension
731 688 835 751 ending
848 689 877 734 in
887 698 933 734 -er
952 683 994 749 (aa
1017 682 1103 749 ager)
1130 702 1162 734 or
1184 682 1225 733 -ir
1249 685 1291 751 (as

146 768 202 831 vir,
213 769 289 835 marr)
304 787 350 819 ars
362 774 392 819 of
404 772 450 819 the
463 773 614 819 masculine
625 772 738 833 gender.
773 770 809 820 Oi
821 771 894 819 what
906 772 1009 832 gender
1023 784 1070 817 are
1087 770 1167 818 those
1188 771 1292 832 ending

147 851 256 902 iu·usl’
290 856 351 913 VII,
365 858 387 903 1.
422 855 513 902 These
525 855 629 918 ending
642 855 671 901 in
683 850 769 901 -uml’
1339 844 1342 849 ¹

286 1374 494 1440 PENSUM
538 1372 829 1439 VICESIMUM
875 1372 1153 1441 SECUNDUM

179 1545 396 1593 Inrronuerear
414 1546 517 1593 Ncrns:

181 1631 203 1675 1.
233 1629 385 1698 ‘Lesrnthe
403 1629 546 1676 inflection
566 1630 596 1675 of
619 1628 665 1675 ihc
689 1629 805 1676 relative
828 1643 958 1690 pronoun
981 1626 1034 1688 qui
1057 1629 1230 1692 comparing
1255 1628 1294 1678 ite

147 1712 234 1759 forms
247 1712 312 1759 with
325 1712 404 1759 these
417 1713 446 1759 of
458 1715 599 1773 magnus,
610 1708 699 1772 alius,
709 1712 764 1759 and
776 1708 811 1758 is.

444 1847 609 1894 Deciension
623 1847 653 1893 of
664 1844 725 1905 qul,
737 1847 802 1903 who,
815 1847 908 1903 which,
920 1848 993 1893 what

345 1959 518 2023 Singularis
959 1959 1093 2010 Pluralis

147 2080 227 2129 Nom.
245 2070 314 2140 qui'
398 2091 476 2140 quae
578 2078 658 2140 quod
776 2078 829 2139 qui
968 2091 1048 2140 quae
1161 2092 1238 2141 quae

148 2181 215 2229 Gen.
244 2177 330 2227 cuius
398 2177 484 2227 onius
581 2177 667 2227 adius
777 2182 907 2240 querum
969 2184 1099 2240 quarum
1161 2183 1293 2241 querum

146 2282 210 2329 Dat.
243 2277 293 2328 cui
398 2277 447 2327 cui
515 2296 518 2300 ⁴
578 2277 628 2328 cui
778 2278 890 2339 quibus
969 2278 1081 2340 quibus
1163 2279 1277 2342 quibus

147 2380 208 2427 Ace.
243 2391 334 2440 quem
398 2391 490 2439 quam
579 2378 660 2439 quod
778 2382 855 2439 ques
967 2384 1044 2440 quas
1162 2392 1240 2442 quae

146 2480 207 2528 Abl.
242 2481 302 2540 qud
399 2483 459 2540 qua
577 2481 637 2539 que
778 2477 889 2540 quibus
958 2452 1078 2541 =quibua
1162 2479 1274 2542 quibus

181 2615 342 2663 Deiermine
354 2615 400 2662 ihc
413 2616 501 2662 forms
514 2616 544 2662 of
556 2612 608 2674 qul
621 2615 651 2662 in
663 2615 710 2662 the
721 2617 782 2661 taxi
796 2616 826 2662 ef
838 2615 884 2662 ihe
897 2616 1048 2677 preceding
1061 2617 1175 2664 lessens.
1252 2661 1254 2664 .

178 2702 202 2746 2.
237 2698 295 2745 The
307 2699 508 2761 interrogative
520 2712 657 2761 pronoun,
670 2698 748 2746 when
759 2699 826 2746 used
839 2713 869 2746 as
881 2713 917 2745 an
935 2699 1083 2761 adjective,
1107 2699 1161 2747 has
1185 2701 1295 2761 exactly

145 2783 192 2830 the
204 2797 280 2830 same
291 2783 380 2830 forms
392 2797 422 2830 ee
434 2782 481 2830 ihc
494 2782 617 2829 relative.
652 2782 737 2828 When
750 2783 815 2828 used
828 2783 1033 2844 substantively
1055 2783 1078 2829 it
1102 2783 1194 2830 varies
1220 2784 1294 2830 from

145 2866 192 2913 the
205 2866 320 2937 relative
332 2867 398 2928 only
410 2866 440 2913 in
452 2866 499 2916 the
511 2867 599 2913 forms
612 2861 681 2924 quis
693 2867 749 2913 and
762 2861 836 2924 quid
848 2866 878 2912 in
897 2865 944 2912 the
969 2866 1143 2913 nominative
1169 2866 1295 2930 singular

145 2950 296 2998 masculine
308 2951 362 2998 and
376 2953 478 3005 neuter,
493 2950 547 2996 and
559 2949 589 2996 in
601 2949 648 2996 the
657 2950 730 2996 form
744 2945 818 3007 quid
831 2950 875 2995 for
889 2949 935 2996 the
945 2949 1071 3012 singular
1081 2952 1176 2997 neuter
1185 2963 1295 2998 accusa-

145 3033 210 3080 live.

182 3202 277 3252 Verte
293 3201 370 3252 haec
388 3202 420 3250 in
439 3201 619 3265 Anglieum:
679 3187 684 3195 ’

186 3331 228 3394 Id
243 3331 307 3394 hde
321 3329 456 3394 facilius
471 3340 520 3394 eis
535 3333 711 3411 persadsit,
728 3331 820 3415 quod
835 3331 986 3414 undique
998 3331 1064 3395 loci
1076 3337 1195 3397 natura
1213 3332 1295 3396 Hel-

150 3449 232 3512 vetii
247 3448 476 3511 eontinentur:
500 3456 565 3511 nna
581 3470 621 3511 ex
635 3454 730 3528 parte
746 3449 884 3512 flumine
906 3448 1037 3523 Rhene,
1061 3448 1226 3513 latissime
1248 3454 1297 3513 at·

146 3588 210 3648 que
225 3564 398 3639 altissime,
411 3572 472 3646 qui
487 3586 603 3645 agrum
620 3563 816 3628 Helvetium
839 3575 858 3629 a
880 3564 1059 3630 Germanis
1088 3566 1225 3645 dividia
1248 3566 1294 3630 al·

148 3686 218 3745 iera
234 3703 274 3744 ex
289 3686 384 3761 perte
399 3685 513 3744 menie
529 3680 607 3745 Inrd
623 3681 796 3757 altissime,
813 3691 873 3765 qui
889 3687 940 3746 esi
955 3683 1044 3746 inter
1060 3681 1236 3766 Sequands
1259 3688 1293 3747 et

147 3797 336 3878 Helvetids3
359 3800 457 3862 tertis
473 3798 546 3862 laed
562 3799 736 3862 Lemannd
751 3804 784 3862 ei
800 3799 937 3864 flumine
947 3798 1124 3875 Rhadand,
1141 3808 1202 3883 qui
1218 3809 1294 3882 pre-

149 3915 295 3981 vineinr'n
310 3920 457 3980 nostram
474 3918 516 3980 ab
532 3914 700 3981 Helvetiis
715 3916 847 3980 dividit.
