2900 4275
188 308 250 372 260
586 323 636 374 nn
654 323 773 377 sunno
791 322 950 376 einrico
1128 325 1158 376 r.
1175 327 1208 378 o.
1226 326 1255 376 o.
1273 328 1332 376 soc.

187 487 242 554 Ad
270 485 411 555 multem
439 489 572 557 noctem
601 490 703 558 etiem
733 490 776 559 ud
797 490 1039 573 impedimenta
1060 493 1249 574 pegnetum
1271 494 1332 567 est,

187 607 362 686 propteree
376 605 468 690 quod
481 615 543 688 pre
557 606 644 673 velle
658 615 770 673 curres
784 608 976 673 obiecerant
990 612 1025 672 et
1040 617 1058 672 e
1073 607 1147 672 loce
1161 607 1334 689 superiere

189 720 226 784 in
240 721 371 785 nostres
384 721 558 788 venientes
572 721 639 787 tels
654 723 878 799 coniciebant,
894 727 928 788 et
942 721 1099 788 nenniulli
1113 724 1202 788 inter
1221 731 1335 788 cerres

127 855 171 903 -ιο
190 838 345 920 rotisque
359 841 503 902 meteres
518 845 557 903 ec
572 837 720 922 tregules
735 839 957 915 subiciebant,
981 843 1179 923 nostresque
1200 840 1333 906 vuluer-

190 952 300 1017 ebent.
344 950 505 1016 Discum
535 959 624 1018 esset
653 958 850 1037 pegnetum,
874 955 1126 1036 impedimentis
1146 961 1334 1040 castrisque

189 1070 296 1132 nostri
309 1070 411 1151 potiti
425 1072 513 1135 suut.
557 1068 613 1134 Ibi
627 1067 839 1152 Orgetorigis
854 1069 928 1136 iilia
951 1076 1054 1155 etque
1084 1081 1171 1139 enus
1199 1083 1218 1138 e
1247 1072 1335 1138 filiis

188 1187 308 1265 ceptus
321 1187 381 1248 est.
447 1183 500 1249 Ex
527 1194 569 1251 ee
595 1185 724 1267 proelie
755 1187 889 1251 circiter
917 1188 1011 1254 milis
1039 1189 1213 1255 hominum
1241 1207 1335 1254 dxxx

189 1299 429 1381 superfuerunt
456 1309 563 1384 eeqne
592 1306 662 1366 tete
691 1305 791 1366 nocte
819 1304 1031 1369 continenter
1060 1307 1184 1370 ierunt:
1206 1305 1335 1370 millam

141 1436 173 1484 15
190 1421 320 1500 partem
335 1418 445 1482 noctis
459 1417 579 1481 itinere
596 1419 788 1483 intermisse
803 1419 841 1482 in
856 1418 946 1485 fines
960 1419 1155 1503 Lingonum
1168 1421 1224 1486 die
1235 1442 1335 1504 quer-

192 1539 227 1600 te
241 1537 474 1617 pervenerunt,
490 1554 566 1597 cum
581 1538 616 1598 et
637 1538 776 1615 propter
797 1535 934 1601 vulnere
963 1537 1110 1602 militum
1135 1541 1169 1602 et
1197 1541 1337 1618 propter

190 1650 397 1733 sepulteram
412 1657 597 1715 occiserum
620 1654 726 1715 nostri
750 1651 899 1717 triduum
921 1657 1042 1718 moreti
1063 1661 1120 1718 ees
1141 1661 1238 1736 sequi
1266 1661 1337 1718 nen

190 1769 388 1851 potuissent.
432 1766 555 1832 Ouessr
569 1767 612 1831 ud
627 1766 801 1850 Lingones
816 1767 944 1834 litteris
959 1770 1162 1852 mintiesque
1177 1770 1338 1845 misitne

190 1893 249 1952 ees
261 1884 431 1951 fremente
445 1894 529 1950 neve
545 1883 611 1949 elie
626 1893 662 1948 re
677 1885 842 1950 iuverent:
858 1893 963 1970 quisi
977 1886 1149 1961 iiivissent,
1165 1895 1202 1950 se
1216 1885 1338 1950 eedem

144 2015 179 2064 20
195 2001 278 2080 loce,
292 2011 362 2087 que
396 2000 582 2084 Helveties,
612 2000 816 2067 habiterum.
874 2002 962 2084 Ipse,
993 2001 1105 2067 tridue
1134 2002 1337 2079 intermisse,

192 2140 270 2187 cum
291 2119 449 2186 omuibus
469 2118 578 2202 cepiis
592 2126 649 2184 ees
664 2127 762 2203 sequi
790 2119 910 2202 coepit.

194 2271 357 2319 maros
434 2236 496 2303 27.
541 2234 693 2301 Helvetii
721 2237 872 2302 omnium
902 2246 1011 2303 rerum
1041 2236 1155 2320 inopie
1198 2236 1339 2301 adducti

193 2323 318 2462 m
394 2353 523 2437 legetes
536 2353 580 2418 de
594 2353 767 2418 deditiene
782 2353 916 2419 adeum
937 2358 1110 2419 miserunt.
1169 2353 1339 2434 Quicum

194 2482 278 2521 W·
393 2492 470 2536 eum
484 2471 522 2535 in
535 2470 657 2535 itinere
672 2470 1030 2553 convenissentseque
1059 2470 1102 2534 ed
1130 2469 1233 2551 pedes
1261 2477 1338 2550 pre-

142 2565 160 2574 ,‚
195 2588 353 2655 iecissent
365 2586 632 2670 suppliciterque
648 2585 753 2651 loceti
768 2586 887 2651 flentes
901 2594 1016 2668 pecem
1039 2591 1211 2667 petissent,
1235 2591 1339 2668 etque

145 2732 164 2782 ⁶
195 2704 303 2770 eesin
316 2703 453 2779 eeloce,
467 2711 538 2787 que
559 2707 632 2768 tum
655 2707 776 2779 essent,
807 2724 906 2767 suum
935 2701 1115 2767 adventum
1144 2705 1339 2783 exspectere

195 2821 356 2896 iussisset,
370 2824 564 2901 perueruut.
611 2819 664 2884 Ee
679 2824 858 2903 postquem
873 2817 996 2884 Oeeser
1010 2819 1172 2900 pervenit,
1194 2817 1339 2894 obsides,

195 2959 296 3014 mma,
310 2944 431 3013 serves,
460 2945 522 3021 qui
543 2938 587 3002 sd
608 2946 665 3004 ees
687 2936 923 3020 perfugissent,
956 2936 1119 3017 poposcit.
1180 2934 1271 3001 Dum
1300 2956 1342 2999 eu

195 3058 441 3138 conquiruntur
453 3059 489 3119 et
502 3054 731 3132 censeruntur,
748 3057 847 3120 nocte
860 3054 1059 3128 intermisse,
1083 3052 1217 3117 circiter
1244 3051 1339 3116 hom-

197 3171 292 3237 inum
304 3169 398 3237 milis
412 3189 448 3236 vl
462 3172 537 3239 eius
547 3180 636 3256 pegi,
658 3180 720 3257 qui
735 3170 947 3254 Verbigenus
964 3168 1160 3251 appelletur,
1177 3176 1247 3235 sive
1263 3167 1340 3232 tim·

149 3313 182 3362 1⁰
197 3295 254 3352 ere
281 3288 459 3370 perterriti,
489 3296 645 3356 neurmis
658 3288 800 3363 ineditis,
823 3286 993 3369 supplicie
1021 3285 1239 3359 efficerentur,
1270 3290 1343 3350 sive

197 3413 258 3487 spe
277 3404 395 3471 saletis
415 3406 556 3482 inducti,
585 3404 678 3491 quod
705 3406 743 3470 in
757 3409 850 3469 tante
871 3402 1089 3469 multitidine
1104 3402 1342 3467 dediticiorum

197 3542 292 3587 suem
313 3522 428 3607 fugem
450 3527 509 3588 eut
530 3521 692 3590 occulteri
705 3525 765 3588 aut
779 3527 918 3586 omnine
930 3526 1079 3603 ignereri
1099 3540 1198 3600 posse
1228 3516 1343 3582 existi-

197 3643 335 3715 merent,
351 3645 460 3722 prime
474 3641 572 3702 nocte
583 3641 733 3703 ecastris
744 3634 978 3701 Helvetierum
990 3642 1116 3718 egressi
1127 3635 1170 3700 sd
1186 3632 1349 3701 Rhenum

195 3750 351 3838 finesque
365 3749 609 3818 Germenerum
624 3746 886 3817 contenderunt.
